%glerm referencias

@article{fernandez2013ai,
  title={AI methods in algorithmic composition: A comprehensive survey},
  author={Fern{\'a}ndez, Jose D and Vico, Francisco},
  journal={Journal of Artificial Intelligence Research},
  pages={513--582},
  year={2013}
}


@book{ariza2011analytical,
  title={Analytical and compositional applications of a network-based scale model in music21},
  author={Ariza, Christopher and Cuthbert, Michael Scott},
  year={2011},
  publisher={Ann Arbor, MI: MPublishing, University of Michigan Library}
}


@article{karpati2006axis,
  title={Axis Tonality and Golden Section Theory Reconsidered},
  author={K{\'a}rp{\'a}ti, J{\'a}nos},
  journal={Studia Musicologica Academiae Scientiarum Hungaricae},
  volume={47},
  number={3},
  pages={417--426},
  year={2006},
  publisher={Akad{\'e}miai Kiad{\'o}}
}


@article{de2013simetria,
  title={Simetria e outras propriedades estruturais de um conjunto octat{\^o}nico alternativo usado em O livro dos sons},
  author={de Souza, Rodolfo Coelho},
  journal={M{\'u}sica em Contexto},
  volume={1},
  pages={144--171},
  year={2013}
}

@article{berger1963problems,
  title={Problems of pitch organization in Stravinsky},
  author={Berger, Arthur},
  journal={Perspectives of New Music},
  pages={11--42},
  year={1963},
  publisher={JSTOR}
}

@article{forte1991debussy,
  title={Debussy and the Octatonic},
  author={Forte, Allen},
  journal={Music Analysis},
  pages={125--169},
  year={1991},
  publisher={JSTOR}
}


@book{fosler2007music,
  title={Music divided: Bart{\'o}k's legacy in cold war culture},
  author={Fosler-Lussier, Danielle},
  volume={7},
  year={2007},
  publisher={Univ of California Press}
}


@article{pearsall2004symmetry,
  title={Symmetry and goal-directed motion in music by B{\'e}la Bart{\'o}k and George Crumb},
  author={Pearsall, Edward},
  journal={Tempo},
  volume={58},
  number={228},
  pages={32--40},
  year={2004},
  publisher={Cambridge Univ Press}
}


@book{huron2006sweet,
  title={Sweet anticipation: Music and the psychology of expectation},
  author={Huron, David Brian},
  year={2006},
  publisher={MIT press}
}


@article{cooper1998unfolding,
  title={The unfolding of tonality in the music of B{\'e}la Bart{\'o}k},
  author={Cooper, David},
  journal={Music Analysis},
  pages={21--38},
  year={1998},
  publisher={JSTOR}
}


@article{gillies1983bartok,
  title={Bart{\'o}k's Notation: Tonality and Modality},
  author={Gillies, Malcolm},
  journal={Tempo (New Series)},
  volume={3},
  number={145},
  pages={4--9},
  year={1983},
  publisher={Cambridge Univ Press}
}


@article{starr1985melody,
  title={Melody-Accompaniment Textures in the Music of Bart{\'o}k, as Seen in His Mikrokosmos},
  author={Starr, Lawrence},
  journal={Journal of Musicology},
  pages={91--104},
  year={1985},
  publisher={JSTOR}
}


@article{brown1997iv,
  title={The \# IV (bV) Hypothesis: Testing the Limits of Schenker's Theory of Tonality},
  author={Brown, Matthew and Dempster, Douglas and Headlam, Dave},
  journal={Music Theory Spectrum},
  volume={19},
  number={2},
  pages={155--183},
  year={1997},
  publisher={Oxford University Press}
}


@article{treitler1959,
  title={Harmonic Procedure in the" Fourth Quartet" of Bela Bart{\'o}k},
  author={Treitler, Leo},
  journal={Journal of Music Theory},
  pages={292--298},
  year={1959},
  publisher={JSTOR}
}



@article{perle1955symmetrical,
  title={Symmetrical formations in the string quartets of Bela Bartok},
  author={Perle, George},
  journal={Music Review},
  volume={16},
  number={4},
  pages={311},
  year={1955}
}


@book{bartok1993bela,
  title={B{\'e}la Bart{\'o}k Essays},
  author={Bart{\'o}k, B{\'e}la and Suchoff, Benjamin},
  year={1993},
  publisher={Univ of Nebraska Pr}
}


@article{gillies1995bartok,
  title={Bart{\'o}k Analysis and Authenticity},
  author={Gillies, Malcolm},
  journal={Studia Musicologica},
  pages={319--327},
  year={1995},
  publisher={JSTOR}
}


@article{cohn1988inversional,
  title={Inversional Symmetry and Transpositional Combination in Bart{\'o}k},
  author={Cohn, Richard},
  journal={Music Theory Spectrum},
  pages={19--42},
  year={1988},
  publisher={JSTOR}
}


@article{bernard1986space,
  title={Space and Symmetry in Bart{\'o}k},
  author={Bernard, Jonathan W},
  journal={Journal of Music Theory},
  pages={185--201},
  year={1986},
  publisher={JSTOR}
}


@book{susanni_antokoletz2012music,
  title={Music and Twentieth-century Tonality: Harmonic Progression Based on Modality and the Interval Cycles},
  author={Susanni, Paolo and Antokoletz, Elliott},
  volume={1},
  year={2012},
  publisher={Routledge}
}



@book{roig2008understanding,
  title={Understanding post-tonal music},
  author={Roig-Francol{\'\i}, Miguel A},
  year={2008},
  publisher={McGraw-Hill}
}



@phdthesis{nery2008voos,
  title={Os voos do Passarinho de Pano e an{\'a}lise dos processos composicionais na su{\'\i}te Prole do Beb{\^e} n{\textordmasculine} 2 de Villa-Lobos},
  author={Nery Filho, Walter},
  school={Universidade de S{\~a}o Paulo},
  year={2012}
}


@article{rodrigo2013acusticabartok,
  title={O Modo Sim{\'e}trico da Cole{\c{c}}{\~a}o Ac{\'u}stica no Mikrokosmos de B{\'e}la Bart{\'o}k},
  author={de Carvalho Vasconcelos, Rodrigo},
  journal={Sessões de Cominucação II Jornada Acadêmica Discente},
  year={2013},
  publisher={PPGMUS ECA/USP}
}


@article{cohn1991bartok,
  title={Bartok's octatonic strategies: A motivic approach},
  author={Cohn, Richard},
  journal={Journal of the American musicological society},
  pages={262--300},
  year={1991},
  publisher={JSTOR}
}



@book{lendvai1962duality,
  title={Duality and synthesis in the music of B{\'e}la Bart{\'o}k},
  author={Lendvai, Ern{\H{o}}},
  year={1962}
}


@phdthesis{keller2011rotational,
  title={Rotational Strategy in Selected Works by Bela Bartok},
  author={Keller, Robert C},
  year={2011},
  school={Florida State University}
}



@article{bachmann1979analysis,
  title={An analysis of Bela Bartok's music through Fibonaccian numbers and the golden mean},
  author={Bachmann, Tibor and Bachmann, Peter J},
  journal={Musical Quarterly},
  pages={72--82},
  year={1979},
  publisher={JSTOR}
}



@book{morgan1991twentieth,
  title={Twentieth-century music: a history of musical style in modern Europe and America},
  author={Morgan, Robert P and Antokoletz, Elliott},
  year={1991},
  publisher={Norton New York}
}


@article{johnson1995want,
  title={I want to find the music, not to compose it},
  author={Johnson, Tom},
  journal={Ich m{\"o}chte die Musik finden...{\guillemotright}), Positionen},
  number={23},
  year={1995}
}


@article{johnson2001found,
  title={Found Mathematical Objects},
  author={Johnson, Tom},
  journal={samedi},
  volume={13},
  pages={17},
  year={2001}
}


@article{longuet1971interpreting,
  title={On interpreting bach},
  author={Longuet-Higgins, H Christopher and Steedman, Mark J},
  journal={Machine intelligence},
  volume={6},
  pages={221--241},
  year={1971}
}



@article{brown1994musical,
  title={Musical and temporal influences on key discovery},
  author={Brown, Helen and Butler, David and Jones, Mari Riess},
  journal={Music Perception},
  pages={371--407},
  year={1994},
  publisher={JSTOR}
}



@article{cuddy1979melody,
  title={Melody recognition: The experimental application of musical rules.},
  author={Cuddy, Lola L and Cohen, Annabel J and Miller, Janet},
  journal={Canadian Journal of Psychology/Revue canadienne de psychologie},
  volume={33},
  number={3},
  pages={148},
  year={1979},
  publisher={University of Toronto Press}
}


@article{straus1987problem,
  title={The Problem of Prolongation in Post-Tonal Music},
  author={Straus, Joseph N},
  journal={Journal of Music Theory},
  pages={1--21},
  year={1987},
  publisher={JSTOR}
}


@book{puckette2007theory,
title={The Theory and Technique of Electronic Music},
author={Puckette,Miller },
publisher={World Scientific Publishing Company},
year={2007},
month={5},
isbn={9789812700773},
url={http://amazon.com/o/ASIN/9812700773/},
price={$125.00},
totalpages={348},
timestamp={2014.07.08},
}

@article{bresson2012new,
  title={New framework for score segmentation and analysis in OpenMusic},
  author={Bresson, Jean and P{\'e}rez-Sancho, Carlos},
  journal={ Proceedings Sound and Music Computing Conference},
  address={Copenhagen, Denmark},
  year={2012}
}


@article{bresson2008scores,
  title={Scores, programs, and time representation: The sheet object in openmusic},
  author={Bresson, Jean and Agon, Carlos},
  journal={Computer Music Journal},
  volume={32},
  number={4},
  pages={31--47},
  year={2008},
  publisher={MIT Press}
}


@book{graham1995ansi,
  title={ANSI common lisp},
  author={Graham, Paul},
  year={1995},
  publisher={Prentice Hall Press}
}


@book{OM_book01_2006,
title={The OM Composer's book 1},
author={Agon, Carlos},
publisher={Delatour France},
year={2006},
edition={Musique/Sciences},
isbn={9782752100283},
url={http://amazon.com/o/ASIN/2752100280/},
totalpages={292},
timestamp={2014.07.08},
}

@book{Kroger201208,
title={Music for Geeks and Nerds},
author={Pedro Kroger},
publisher={CreateSpace Independent Publishing Platform},
year={2012},
}

@article{smalley1997spectromorphology,
  title={Spectromorphology: explaining sound-shapes},
  author={Smalley, Denis},
  journal={Organised sound},
  volume={2},
  number={02},
  pages={107--126},
  year={1997},
  publisher={Cambridge Univ Press}
}


@article{deutsch1981internal,
  title={The internal representation of pitch sequences in tonal music.},
  author={Deutsch, Diana and Feroe, John},
  journal={Psychological Review},
  volume={88},
  number={6},
  pages={503},
  year={1981},
  publisher={American Psychological Association}
}



@article{cohn1998introduction,
  title={Introduction to neo-riemannian theory: a survey and a historical perspective},
  author={Cohn, Richard},
  journal={Journal of Music Theory},
  pages={167--180},
  year={1998},
  publisher={JSTOR}
}


@article{krumhansl1983perceptual,
  title={Perceptual structures for tonal music},
  author={Krumhansl, Carol L},
  journal={Music Perception},
  pages={28--62},
  year={1983},
  publisher={JSTOR}
}


@article{haimo1996atonality,
  title={Atonality, analysis, and the intentional fallacy},
  author={Haimo, Ethan},
  journal={Music Theory Spectrum},
  volume={18},
  number={2},
  pages={167--199},
  year={1996},
  publisher={Oxford University Press}
}


@article{perle1990pitch,
  title={Pitch-class set analysis: An evaluation},
  author={Perle, George},
  journal={Journal of Musicology},
  pages={151--172},
  year={1990},
  publisher={JSTOR}
}


@article{lerdahl1996calculating,
  title={Calculating tonal tension},
  author={Lerdahl, Fred},
  journal={Music Perception},
  pages={319--363},
  year={1996},
  publisher={JSTOR}
}


@article{nattiez2003allen,
  title={Allen Forte's Set Theory, Neutral Level Analysis and Poietics},
  author={Nattiez, JEAN-JACQUES},
  journal={Around Set Theory},
  pages={1},
  year={2003}
}


@book{aroundset2013,
  Author = {Andreatta, Moreno and Rahn, John and Bardez, Jean Michel},
  Title = {Around set theory},
  Publisher = {Delatour France},
  Year = {2013},
  ISBN = {2752100523},
 }

@online{AndreataOMtutorial,
  author = {Andreatta, Moreno },
  title = {OM Pitch Class Set Tutorial},
  year = 2014,
  url = {http://recherche.ircam.fr/equipes/repmus/OpenMusic/user-doc/DocFiles/znTutorial/},
  urldate = {2014-06-21}
}


@online{DebrilOM,
  author = {Didier Debril},
  title = {OM Pitch Class Set Tutorial FR},
  year = 2014,
  url = {http://www.deb8076.eu/AnalyseBeethovenST/index.html},
  urldate = {2014-06-21}
}

@inproceedings{andreatta2003implementing,
  title={Implementing algebraic methods in openmusic},
  author={Andreatta, Moreno and Agon, Carlos},
  booktitle={Proceedings of the International Computer Music Conference, Singaphore},
  year={2003}
}


@book{forte1978harmonic,
  title={The harmonic organization of the rite of spring},
  author={Forte, Allen},
  year={1978},
  publisher={Yale University Press}
}


@book{krumhansl1990cognitive,
  title={Cognitive foundations of musical pitch},
  author={Krumhansl, Carol L},
  volume={17},
  year={1990},
  publisher={Oxford University Press New York}
}


@article{hansen2011legacy,
  title={The Legacy of Lerdahl and Jackendoff ’s A Generative Theory of Tonal Music},
  author={Hansen, Niels Chr. },
  journal={Danish Yearbook of Musicology},
  volume={2010},
  number={38},
  pages={33--55},
  year={2011}
}


@article{meredith2002review,
  title={Review of David Temperley’s The Cognition of Basic Musical Structures},
  author={Meredith, David},
  journal={Musicae Scientae},
  volume={6},
  number={2},
  pages={287--302},
  year={2002}
}


@article{nattiez2001tripartite,
     title = {O Modelo Tripartite de Semiologia Musical},
     author = {Nattiez, J.J.},
     journal = {Debates 6},
     volume = {6},
     pages = {pp. 7-39},
     url = {http://www.unirio.br/conferir},
     year = {2001},
     publisher = {Unirio},
     address={Rio de Janeiro}
    }


@book{van1995python,
  title={Python reference manual},
  author={Van Rossum, Guido and Drake Jr, Fred L},
  year={1995},
  publisher={Centrum voor Wiskunde en Informatica Amsterdam}
}

@book{downey2009python,
  title={Python for software design: how to think like a computer scientist},
  author={Downey, Allen},
  year={2009},
  publisher={Cambridge University Press}
}



@book{rahn1980basic,
  title={Basic atonal theory},
  author={Rahn, John},
  year={1980},
  publisher={Longman New York}
}



@book{perle1981serial,
  title={Serial Composition and Atonality: An Introduction to the Music of Schoenberg, Berg, and Webern},
  author={Perle, George},
  isbn={9780520074309},
  lccn={90050902},
  url={http://books.google.com.br/books?id=4C8RjEaBRf4C},
  year={1981},
  publisher={University of California Press}
}

    @article{2007lerdahl-krumhansl,
     jstor_articletype = {research-article},
     title = {Modeling Tonal Tension},
     author = {Lerdahl, Fred and Krumhansl, Carol L.},
     journal = {Music Perception: An Interdisciplinary Journal},
     jstor_issuetitle = {},
     volume = {24},
     number = {4},
     jstor_formatteddate = {April 2007},
     pages = {pp. 329-366},
     url = {http://www.jstor.org/stable/10.1525/mp.2007.24.4.329},
     ISSN = {07307829},
     abstract = {THIS STUDY PRESENTS AND TESTS a theory of tonal tension (Lerdahl, 2001). The model has four components: prolongational structure, a pitch-space model, a surfacetension model, and an attraction model. These components combine to predict the rise and fall in tension in the course of listening to a tonal passage or piece. We first apply the theory to predict tension patterns in Classical diatonic music and then extend the theory to chromatic tonal music. In the experimental tasks, listeners record their experience of tension for the excerpts. Comparisons between predictions and data point to alternative analyses within the constraints of the theory. We conclude with a discussion of the underlying perceptual and cognitive principles engaged by the theory's components.},
     language = {English},
     year = {2007},
     publisher = {University of California Press},
     copyright = {Copyright © 2007 University of California Press},
    }

@article{lerdahl1988tps,
     jstor_articletype = {research-article},
     title = {Tonal Pitch Space},
     author = {Lerdahl, Fred},
     journal = {Music Perception: An Interdisciplinary Journal},
     jstor_issuetitle = {Cognitive and Perceptual Function},
     volume = {5},
     number = {3},
     jstor_formatteddate = {Spring, 1988},
     pages = {pp. 315-349},
     url = {http://www.jstor.org/stable/40285402},
     ISSN = {07307829},
     language = {English},
     year = {1988},
     publisher = {University of California Press},
     copyright = {Copyright © 1988 University of California Press},
    }

@article{rahn2004swerve,
     jstor_articletype = {research-article},
     title = {The Swerve and the Flow: Music's Relationship to Mathematics},
     author = {Rahn, John},
     journal = {Perspectives of New Music},
     jstor_issuetitle = {},
     volume = {42},
     number = {1},
     jstor_formatteddate = {Winter, 2004},
     pages = {pp. 130-148},
     url = {http://www.jstor.org/stable/25164542},
     ISSN = {00316016},
     abstract = {},
     language = {English},
     year = {2004},
     publisher = {Perspectives of New Music},
     copyright = {Copyright © 2004 Perspectives of New Music},
    }


@inproceedings{bresson2011openmusic,
  title={OpenMusic: visual programming environment for music composition, analysis and research},
  author={Bresson, Jean and Agon, Carlos and Assayag, G{\'e}rard},
  booktitle={Proceedings of the 19th ACM international conference on Multimedia},
  pages={743--746},
  year={2011},
  organization={ACM}
}


@article{stockhausen1996situacao,
  title={A Situa{\c{c}}{\~a}o do metier, a composi{\c{c}}{\~a}o do som},
  author={Stockhausen, Karlheinz},
  journal={M{\'u}sica Eletroac{\'u}stica, Hist{\'o}ria e est{\'e}ticas. S{\~a}o Paulo: Editora da Universidade de S{\~a}o Paulo},
  year={1996}
}


@inbook{puckettecomputing,
  author={Puckette, Miller},
  editor = {Agon, Carlos},
  chapter = {Computing while composing},
  pages ={x-xiv},
  Title = {The OM Composer's book 1},
  Publisher = {Delatour},
  address={Paris, France},
  Year = {2006},
}


@article{guigue1995analise,
  title={Para uma an{\'a}lise orientada a objetos},
  author={Guigue, Didier},
  journal={Cadernos de Estudo: An{\'a}lise Musical},
  number={8/9},
  pages={47--57},
  year={1995}
}


@book{suchoff2004bartok,
  title={Bart{\'o}k's Mikrokosmos: Genesis, Pedagogy, and Style},
  author={Suchoff, Benjamin},
  year={2004},
  publisher={Scarecrow Press}
}

@book{suchoff1971guide,
  title={Guide to Bart{\'o}k's Mikrokosmos},
  author={Suchoff, Benjamin},
  year={1971},
  publisher={Boosey and Hawkes}
}


@article{gomes2006artificios,
  title={Artif{\'\i}cios p{\'o}s-tonais na estrutura harm{\^o}nica do Mikrokosmos 152 de B{\'e}la Bart{\'o}k},
  author={Gomes, Wellington},
  journal={Ictus-Peri{\'o}dico do PPGMUS/UFBA},
  volume={2},
  year={2006}
}

@book{antokoletz1984music,
  title={The music of B{\'e}la Bart{\'o}k: a study of tonality and progression in twentieth-century music},
  author={Antokoletz, Elliott},
  year={1984},
  publisher={Univ of California Press}
}

@phdthesis{marshall1946analysis,
  title={An Analysis Of The Mikrokosmos Of B{\'e}la Bart{\'o}k},
  author={Marshall, Wallace Elwood},
  year={1946}
}

@book{lendvai1971bela,
  title={B{\'e}la Bart{\'o}k: an analysis of his music},
  author={Lendvai, Ern{\H{o}}},
  year={1971},
  publisher={Kahn \& Averill London}
}


@book{straus2004,
  Author = {Joseph N. Straus},
  Title = {Introduction to Post-Tonal Theory (3rd Edition)},
  Publisher = {Pearson},
  Year = {2004}
  }


@book{cortazar1963,
  author = {Julio Cortazar},
  title = {O Jogo Da Amarelinha},
  publisher = {Editora Civilizacao Brasileira},
  year = {1963},
  }


@book{guigue2012,
  author = {Didier Guigue},
  title = {Estética da Sonoridade},
  address = {S{\~a}o Paulo},
  publisher = {Editora Perpectiva},
  year = {2012},
  }

@article{assayag1999computer,
  title={Computer-assisted composition at IRCAM: From PatchWork to OpenMusic},
  author={Assayag, G{\'e}rard and Rueda, Camilo and Laurson, Mikael and Agon, Carlos and Delerue, Olivier},
  journal={Computer Music Journal},
  volume={23},
  number={3},
  pages={59--72},
  year={1999},
  publisher={MIT Press}
}


@article{puckette1996pure,
  title={Pure Data: another integrated computer music environment},
  author={Puckette, Miller and others},
  journal={Proceedings of the Second Intercollege Computer Music Concerts},
  pages={37--41},
  year={1996},
  publisher={Citeseer}
}



@ARTICLE{puckette2002max,
  author = {Puckette, Miller},
  title = {Max at seventeen},
  journal = {Computer Music Journal},
  year = {2002},
  volume = {26},
  pages = {31-43},
  number = {4},
  publisher = {MIT Press},
  tags = {tenho_pdf}
}


@INPROCEEDINGS{puckette2002using,
  author = {Puckette, Miller},
  title = {Using Pd as a score language},
  booktitle = {Proc. Int. Computer Music Conf},
  year = {2002},
  pages = {184-187},
  tags = {tenho_pdf}
}

@book{lipscomb2004cognitive,
  title={The cognitive organization of musical sound},
  author={Lipscomb, Scott David and Hodges, Donald A and Sebold, David},
  year={2004},
  publisher={Institute for Music Research}
}


@article{tenney1980temporal,
  title={Temporal gestalt perception in music},
  author={Tenney, James and Polansky, Larry},
  journal={Journal of Music Theory},
  pages={205--241},
  year={1980},
  publisher={JSTOR}
}


@article{wertheimer1938laws,
  title={Laws of organization in perceptual forms.},
  author={Wertheimer, Max},
  year={1938},
  publisher={Kegan Paul, Trench, Trubner \& Company}
}


@article{agawu1994ambiguity,
  title={Ambiguity in tonal music: a preliminary study},
  author={Agawu, Kofi},
  journal={Theory, Analysis, and Meaning in Music},
  pages={86--107},
  year={1994},
  publisher={Cambridge University Press, Cambridge}
}


@book{sethares2005tuning,
  title={Tuning, Timbre, Spectrum, Scale},
  author={Sethares, W.A.},
  isbn={9781852337971},
  lccn={2004049190},
  year={2005},
  publisher={Springer}
}

@BOOK{messiaen1956technique,
  title = {The Technique of My Musical Language: Text},
  publisher = {A. Leduc},
  year = {1956},
  author = {Messiaen, Olivier},
  volume = {1}
}

@book{pousseurapoteose,
  title={APOTEOSE DE RAMEAU},
  author={POUSSEUR, H. and MENEZES, FLO and SANTOS, M.O.},
  isbn={9788571399198},
  publisher={UNESP},
  address={S{\~{a}}o Paulo},
}

@book{forte1973structure,
  title={The structure of atonal music},
  author={Forte, Allen},
  year={1973},
  publisher={Yale University Press}
}


@article{babbitt1958cares,
  title={Who cares if you listen?},
  author={Babbitt, Milton},
  journal={High Fidelity},
  volume={8},
  number={2},
  pages={38--40},
  year={1958}
}


@book{lerdahl2001tonal,
  title={Tonal pitch space},
  author={Lerdahl, Fred},
  year={2001},
  publisher={Oxford University Press}
}


@article{johnson2011tiling,
  title={Tiling in My music},
  author={Johnson, Tom},
  journal={Perspectives of New Music},
  volume={49},
  number={2},
  pages={9--21},
  year={2011},
  publisher={JSTOR}
}


@article{tymoczko2006sciencechords,
  title={The geometry of musical chords},
  author={Tymoczko, Dmitri},
  journal={Science},
  volume={313},
  number={5783},
  pages={72--74},
  year={2006},
  publisher={American Association for the Advancement of Science}
}


@article{tymoczko2009generalizing,
  title={Generalizing musical intervals},
  author={Tymoczko, Dmitri},
  journal={Journal of Music Theory},
  volume={53},
  number={2},
  pages={227--254},
  year={2009},
  publisher={Duke Univ Press}
}


@book{tymoczko2011geometry,
  title={A geometry of music: harmony and counterpoint in the extended common practice},
  author={Tymoczko, Dmitri},
  year={2011},
  publisher={Oxford University Press}
}


@book{lewin2007generalized,
  title={Generalized musical intervals and transformations},
  author={Lewin, David},
  year={2007},
  publisher={Oxford University Press}
}


@book{rings2006tonality,
  title={Tonality and Transformation},
  author={Rings, Steven Marshall},
  year={2006},
  publisher={ProQuest}
}



@article{temperley2007tonal,
  title={The Tonal Properties of Pitch-Class Sets: Tonal Implication, Tonal Ambiguity, and Tonalness.},
  author={Temperley, David},
  journal={Computing in Musicology},
  volume={15},
  year={2007}
}


@article{sheh2003chord,
  title={Chord segmentation and recognition using EM-trained hidden Markov models},
  author={Sheh, Alexander and Ellis, Daniel PW},
  journal={ISMIR 2003},
  pages={185--191},
  year={2003},
  publisher={International Symposium on Music Information Retrieval}
}


@article{temperley1997algorithm,
  title={An algorithm for harmonic analysis},
  author={Temperley, David},
  journal={Music Perception},
  pages={31--68},
  year={1997},
  publisher={JSTOR}
}

@inproceedings{chuan2005polyphonic,
  title={Polyphonic audio key finding using the spiral array CEG algorithm},
  author={Chuan, Ching-Hua and Chew, Elaine},
  booktitle={Multimedia and Expo, 2005. ICME 2005. IEEE International Conference on},
  pages={21--24},
  year={2005},
  organization={IEEE}
}



@article{temperley1999s,
  title={What's key for key? The Krumhansl-Schmuckler key-finding algorithm reconsidered},
  author={Temperley, David},
  journal={Music Perception},
  pages={65--100},
  year={1999},
  publisher={JSTOR}
}



@article{lerdahl1989atonal,
  title={Atonal prolongational structure},
  author={Lerdahl, Fred},
  journal={Contemporary Music Review},
  volume={4},
  number={1},
  pages={65--87},
  year={1989},
  publisher={Taylor \& Francis}
}


@article{lester1989analytic,
  title={Analytic approaches to twentieth-century music},
  author={Lester, Joel},
  year={1989},
  publisher={WW Norton \& Company}
}


@ARTICLE{tojo2013computational,
  author = {Tojo, Satoshi and Hirata, Keiji and Hamanaka, Masatoshi},
  title = {Computational Reconstruction of Cognitive Music Theory},
  journal = {New Generation Computing},
  year = {2013},
  volume = {31},
  pages = {89-113},
  number = {2},
  publisher = {Springer},
  tags = {tenho_pdf},
}

@ARTICLE{nattiezcomparaccao,
  author = {Nattiez, Jean-Jacques},
  title = {A compara{\c{c}}{\~{a}}o das an{\'{a}}lises sob o ponto de vista
	semiol{\'{o}}gico (a prop{\'{o}}sito do tema da Sinfonia em Sol menor,
	K. 550, de Mozart)},
  journal = {Per Musi{--}Revista de Performance Musical},
  pages = {5-40},
  year={2003},
  tags = {confuso}
}

@book{rowe2004machine,
  title={Machine musicianship},
  author={Rowe, Robert},
  year={2004},
  publisher={MIT press}
}


@book{simoni2006analytical,
  title={Analytical Methods of Electroacoustic Music},
  author={Simoni, M.H.},
  isbn={9780415976299},
  lccn={2005014484},
  series={Studies on New Music Research},
  year={2006},
  publisher={Routledge}
}

@book{shaeffer1966traite,
author={Schaeffer, Pierre},
year={1966},
title={Traite des objets musicaux. Essai interdisciplines.},
publisher={Ed. du Seuil},
address={Paris},
}

@book{roads2004microsound,
  title={Microsound},
  author={Roads, Curtis},
  year={2004},
  publisher={MIT press}
}

@book{curtis1996computer,
  title={The computer music tutorial},
  author={Curtis Roads},
  year={1996},
  publisher={MIT press}
}

@article{roads1978composing,
  title={Composing grammars},
  author={Roads, Curtis},
  journal={international Computer Music Conference},
  publisher={UCSD},
  address={San Diego},
  year={1978}
}


@article{ruwet1975theorie,
  title={Th{\'e}orie et m{\'e}thodes dans les {\'e}tudes musicales},
  author={Ruwet, Nicolas},
  journal={Musique en jeu},
  volume={17},
  pages={11--35},
  year={1975}
}


@article{nattiez2004modelos,
  title={Modelos ling{\"u}{\'\i}sticos e an{\'a}lise das estruturas musicais},
  author={Nattiez, Jean-Jacques and Sampaio, Revis{\~a}o de Luiz Paulo},
  journal={Per Musi},
  volume={9},
  pages={5--46},
  year={2004}
}

@article{nattiez1977fondements,
  title={Fondements d'une s{\'e}miologie de la musique},
  author={Nattiez, Jean-Jacques and Dunsby, Jonathan M},
  journal={Perspectives of New Music},
  pages={226--233},
  year={1977},
  publisher={JSTOR}
}


@article{moorer1972music,
  title={Music and computer composition},
  author={Moorer, James Anderson},
  journal={Communications of the ACM},
  volume={15},
  number={2},
  pages={104--113},
  year={1972},
  publisher={ACM}
}


@article{winograd1968linguistics,
  title={Linguistics and the computer analysis of tonal harmony},
  author={Winograd, Terry},
  journal={Journal of Music Theory},
  pages={2--49},
  year={1968},
  publisher={JSTOR}
}


@article{winograd1973procedural,
  title={A procedural model of language understanding},
  author={Winograd, Terry},
  journal={Computer models of thought and language},
  volume={152},
  pages={186},
  year={1973},
  publisher={WH Freeman Press}
}


@book{laske1977music,
  title={Music, memory, and thought: Explorations in cognitive musicology},
  author={Laske, Otto-Ernst},
  year={1977},
  publisher={Music Department, University of Pittsburgh}
}


@book{lindblom1970towards,
  title={Towards a generative theory of melody},
  author={Lindblom, Bj{\"o}rn and Sundberg, Johan},
  year={1970},
  publisher={Department of Phonetics, Institute of Linguistics, University of Stockholm}
}


@article{smoliar1976music,
  title={Music programs: An approach to music theory through computational linguistics},
  author={Smoliar, Stephen W},
  journal={Journal of Music Theory},
  pages={105--131},
  year={1976},
  publisher={JSTOR}
}


@ARTICLE{roads1979grammars,
  author = {Roads, Curtis},
  title = {Grammars as representations for music},
  journal = {Computer Music Journal},
  year = {1979},
  pages = {48-55},
  publisher = {JSTOR},
  tags = {entendido, citado_mestrado}
}

@BOOK{temperley2001cognition,
  title = {The cognition of basic musical structures},
  publisher = {MIT press},
  year = {2001},
  author = {Temperley, David},
  tags = {tenho_pdf}
}

@article{lerdahl2009genesis,
  title={Genesis and Architecture of the GTTM Project},
  author={Lerdahl, Fred},
  year={2009},
  publisher={JSTOR}
}


@article{lerdahl1992cognitive,
  title={Cognitive constraints on compositional systems},
  author={Lerdahl, Fred},
  journal={Contemporary Music Review},
  volume={6},
  number={2},
  pages={97--121},
  year={1992},
  publisher={Taylor \& Francis}
}


@book{bernstein1976unanswered,
  title={The unanswered question: Six talks at Harvard},
  author={Bernstein, Leonard},
  year={1976},
  publisher={Harvard University Press}
}

@BOOK{chomsky1965aspects,
  title = {Aspects of the Theory of Syntax},
  publisher = {MIT press},
  year = {1965},
  author = {Chomsky, Noam},
  number = {11},
  tags = {citado_mestrado, nao-lido}
}

@ARTICLE{chomsky1957syntactic,
  author = {Chomsky, Noam},
  title = {Syntactic structures.},
  year = {1957},
  publisher = {Mouton}
}

@ARTICLE{caesar2008oloop,
  author = {Caesar, Rodolfo},
  title = {O loop como promessa de eternidade},
  journal = {Anais do XVIII Congresso da Associa{\c{c}}{\~{a}}o Nacional de Pesquisa
	e P{\'{o}}s-Gradua{\c{c}}{\~{a}}o (ANPPOM)},
  address={Salvador},
  year = {2008},
  tags = {tenho_pdf}
}

@ARTICLE{caesar2010loop,
  author = {Caesar, Rodolfo},
  title = {Loops Institucionais},
  journal = {Anais do XX Congresso da Associa{\c{c}}{\~{a}}o Nacional de Pesquisa
	e P{\'{o}}s-Gradua{\c{c}}{\~{a}}o (ANPPOM)},
  year = {2010},
  address={Salvador},  
  number = {20},
  tags = {tenho_pdf}
}


@article{holmes2009ferme,
  title={Analise espectromorfologica da obra eletroacustica Desembocaduras},
  author={Holmes, Brian},
  journal={Revista Eletronica de Musicologia},
  url={http://www.rem.ufpr.br/_REM/REMv12/02/analise_morfologica_embocaduras.htm},
  Urlaccessdate = {22 jan. 2014},
  year={2009},
  publisher={UFPR},
  address={Curitiba}
}
	


@BOOK{caesar2008circulos,
  title = {Circulos ceifados},
  publisher = {7Letras},
  year = {2008},
  author = {Caesar, Rodolfo},
  series = {Cole{\c{c}}{\~{a}}o Trinca-ferro},
  }

@book{hayles2008we,
  title={How we became posthuman: Virtual bodies in cybernetics, literature, and informatics},
  author={Hayles, N Katherine},
  year={2008},
  address={Chicago},
  publisher={University of Chicago Press},
}


@article{langton1989artificial,
  title={Artificial life: the proceedings of an Interdisciplinary Workshop on the Synthesis and Simulation of Living Systems, held September, 1987},
  author={Langton, Christopher G},
  address={Los Alamos, New Mexico},
  journal={Addison-Wesley Publishing Company},
  year={1989}
}


@book{wolfram2002new,
  title={A new kind of science},
  author={Wolfram, Stephen},
  year={2002},
  publisher={Wolfram media Champaign},
}


@book{minsky2007emotion,
  title={The Emotion Machine: Commonsense Thinking, Artificial Intelligence, and the Future of the Human Mind},
  author={Minsky, M.},
  year={2007},
  publisher={Simon \& Schuster},
}

@incollection{hofstadter2004virtualstaringemmy,
  author      = "Hofstadter, Douglas R.",
  title       = "Staring Emmy Straight in th Eye - and doing my best not to flinch",
  editor      = "Cope, David.",
  booktitle   = "Virtual Music: Computer Synthesis of Musical Style",
  publisher   = "MIT Press",
  address     = "Cambridge",
  year        = 2004,
}

@inbook{cagekostelanetz2002conversing,
  author      = {Cage, John},
  title       = {Conversing with Cage},
  editor      = {Kostelanetz, Richard},
  year={2002},
  publisher={Routledge},
}



@BOOK{cope2004virtual,
  title = {Virtual Music: Computer Synthesis of Musical Style},
  publisher = {MIT Press},
  year = {2004},
  author = {Cope, D.},
  }

@BOOK{hofstadter2000godel,
  title = {Godel, Escher, Bach: An Eternal Golden Braid},
  publisher = {Penguin Books, Limited},
  year = {2000},
  author = {Hofstadter, Douglas R.},

}

@article{turing1950computing,
  title={Computing machinery and intelligence},
  author={Turing, Alan M},
  journal={Mind},
  pages={433--460},
  year={1950},
  publisher={JSTOR}
}


@BOOK{pessis1993caos,
  title = {Do caos {\`{a}} intelig{\^{e}}ncia artificial},
  publisher = {Unesp},
  year = {1993},
  author = {Pessis-Pasternak, Guitta}
}

@book{kurzweil2005singularity,
  title={The singularity is near: When humans transcend biology},
  author={Kurzweil, Ray},
  year={2005},
  publisher={Penguin}
}


@BOOK{langton1997artificial,
  title = {Artificial life: An overview},
  publisher = {Mit Press},
  year = {1997},
  author = {Langton, Christopher G.},
  tags = {tenho_pdf},
}

@BOOK{wiener1948cybernetics,
  title = {Cybernetics},
  publisher = {J. Wiley },
  address={New York},
  year = {1948},
  author = {Wiener, Norbert and others},
}

@INBOOK{stockhausen1996unidade,
  title = {A unidade do tempo musical},
  publisher = {EDUSP},
  year = {1996},
  editor = {M{\'{u}}sica eletroac{\'{u}}stica: hist{\'{o}}ria e est{\'{e}}ticas.},
  address={S{\~{a}}o Paulo},
  author = {Stockhausen, Karlheinz},
}



@BOOK{xenakis1992formalized,
  title = {Formalized music: thought and mathematics in composition},
  publisher = {Pendragon Press},
  year = {1992},
  author = {Xenakis, Iannis},
}


@book{schwanauer1993machine,
  title={Machine models of music},
  author={Schwanauer, Stephan M and Levitt, David A},
  year={1993},
  publisher={MIT Press}
}


@BOOK{nierhaus2009algorithmic,
  title = {Algorithmic composition: paradigms of automated music generation},
  publisher = {Springer},
  year = {2009},
  author = {Nierhaus, Gerhard},
  tags = {tenho_pdf},
}

@BOOK{godwin1979athanasius,
  title = {Athanasius Kircher: a renaissance man and the quest for lost knowledge},
  publisher = {Thames and Hudson},
  Address = {Londres},
  year = {1979},
  author = {Godwin, Joscelyn},
}

@article{kircher1650,
  title={Musurgia universalis, sive ars magna consoni et dissoni},
  year={1650},
  author={Kircher, Athanasius},
  publisher={Francesco Corbelletti},
  address={Roma},  
}


@ARTICLE{turing1936computable,
  author = {Turing, Alan Mathison},
  title = {On computable numbers, with an application to the Entscheidungsproblem},
  journal = {Journal of Math},
  year = {1936},
  volume = {58},
  pages = {345-363}
}



@BOOK{wisnik1989som,
  title = {O som eo sentido: uma outra hist{\'{o}}ria das m{\'{u}}sicas},
  publisher = {Editora Companhia das Letras},
  year = {1989},
  author = {Wisnik, Jos{\'{e}} Miguel},
  Address = {S{\~a}o Paulo},
}

@BOOK{cramer2005words,
  title = {Words Made Flesh: Code, Culture, Imagination},
  publisher = {Piet Zwart Institute},
  Address = {Holanda},
  year = {2005},
  author = {Cramer, Florian},
  }

@BOOK{zielinski2006arqueologia,
  title = {Arqueologia da m{\'{i}}dia: em busca do tempo remoto das t{\'{e}}cnicas
	do ver e do ouvir},
  publisher = {Annablume},
  Address = {S{\~a}o Paulo},
  year = {2006},
  author = {Zielinski, Siegfried},
}

@BOOK{weber1995fundamentos,
  title = {Os fundamentos racionais e sociol{\'{o}}gicos da m{\'{u}}sica},
  publisher = {Edusp},
  Address = {S{\~a}o Paulo},
  year = {1995},
  author = {Weber, Max},
}

@BOOK{gaffurio1492theorica,
  title={Theorica musicae},
  author={Gaffurio, Franchino},
  year={1492},
  publisher={Philippium Mantegatium},
  Address = {Roma},
}

@book{iazzetta2009musica,
  title={M{\'u}sica e media{\c{c}}{\~a}o tecnol{\'o}gica},
  author={Iazzetta, Fernando},
  publisher={Perspectiva-Fapesp},
  Address = {S{\~a}o Paulo},
  year={2009},
}

@BOOK{lerdahl1983generative,
  title = {A generative theory of tonal music},
  publisher = {MIT press},
  year = {1983},
  author = {Lerdahl, Fred and Jackendoff, Ray S.},
}

@BOOK{bird2009natural,
  title = {Natural language processing with Python},
  publisher = {O{'}Reilly Media, Inc.},
  year = {2009},
  author = {Bird, Steven and Klein, Ewan and Loper, Edward},
  tags = {conferido, entendido},
}

@book{russolo2009arte,
  title={L'arte dei rumori},
  author={Russolo, Luigi},
  year={2009},
  publisher={Nuovi Equilibri}
}


@BOOK{adorno1974filosofia,
  author = {Adorno, Theodor},
  title = {Filosofia da M{\'{u}}sica Nova},
  year = {1974},
  publisher = {Perspectiva},
  Address = {S{\~a}o Paulo},
}

@book{schonberg1922harmonielehre,
  title={Harmonielehre},
  author={Sch{\"o}nberg, Arnold},
  number={3370},
  year={1922},
  publisher={Universal-edition}
}



%%%%%%%%%%%%%%%%%%%%%%%%%%%%%%%%%%%%%%%%%%%%%%%%%%%%%%%%%%%%%%%%%%%%%%%%%%%%%%%
%template original abntex2
@book{ibge1993,
	Address = {Rio de Janeiro},
	Author = {IBGE},
	Date-Added = {2013-08-21 13:56:10 +0000},
	Date-Modified = {2013-08-21 13:56:10 +0000},
	Edition = {3},
	Organization = {http://biblioteca.ibge.gov.br/visualizacao/livros/liv23907.pdf},
	Publisher = {Centro de Documenta{\c c}{\~a}o e Dissemina{\c c}{\~a}o de Informa{\c c}{\~o}es. Funda{\c c}{\~a}o Intituto Brasileiro de Geografia e Estat{\'\i}stica},
	Title = {Normas de apresenta{\c c}{\~a}o tabular},
	Urlaccessdate = {21 ago 2013},
	Year = {1993}}

@misc{abntex2-wiki-como-customizar,
	Author = {abnTeX2},
	Date-Added = {2013-03-23 21:39:21 +0000},
	Date-Modified = {2013-03-23 21:44:20 +0000},
	Howpublished = {Wiki do abnTeX2},
	Keywords = {wiki},
	Title = {Como customizar o abnTeX2},
	Url = {https://code.google.com/p/abntex2/wiki/ComoCustomizar},
	Urlaccessdate = {23 mar. 2013},
	Year = {2013},
	Bdsk-Url-1 = {https://code.google.com/p/abntex2/wiki/ComoCustomizar}}

@manual{talbot2012,
	Author = {Nicola L.C. Talbot},
	Date-Added = {2013-03-11 12:06:04 +0000},
	Date-Modified = {2013-03-11 12:06:56 +0000},
	Month = {Nov.},
	Title = {User Manual for glossaries.sty},
	Url = {http://mirrors.ctan.org/macros/latex/contrib/glossaries/glossaries-user.pdf},
	Urlaccessdate = {11 mar. 2013},
	Year = {2012},
	Bdsk-Url-1 = {http://mirrors.ctan.org/macros/latex/contrib/glossaries/glossaries-user.pdf}}

@manual{babel,
	Author = {Johannes Braams},
	Date-Added = {2013-02-17 13:37:14 +0000},
	Date-Modified = {2013-02-17 13:38:38 +0000},
	Month = {Apr.},
	Title = {Babel, a multilingual package for use with LATEX's standard document classes},
	Url = {http://mirrors.ctan.org/info/babel/babel.pdf},
	Urlaccessdate = {17 fev. 2013},
	Year = {2008},
	Bdsk-Url-1 = {http://mirrors.ctan.org/info/babel/babel.pdf}}

@manual{abntex2modelo-artigo,
	Annote = {Este documento {\'e} derivado do \cite{abnt-bibtex-doc}},
	Author = {abnTeX2},
	Date-Added = {2013-01-15 00:10:35 +0000},
	Date-Modified = {2013-02-04 12:05:47 +0000},
	Organization = {Equipe abnTeX2},
	Title = {Modelo Can{\^o}nico de Artigo Cient{\'\i}fico com abnTeX2},
	Url = {http://abntex2.googlecode.com/},
	Year = {2013},
	Bdsk-Url-1 = {http://code.google.com/p/abntex2/}}

@manual{abntex2modelo-relatorio,
	Annote = {Este documento {\'e} derivado do \cite{abnt-bibtex-doc}},
	Author = {abnTeX2},
	Date-Added = {2013-01-15 00:05:34 +0000},
	Date-Modified = {2013-02-04 12:05:50 +0000},
	Organization = {Equipe abnTeX2},
	Title = {Modelo Can{\^o}nico de Relat{\'o}rio T{\'e}cnico e/ou Cient{\'\i}fico com abnTeX2},
	Url = {http://abntex2.googlecode.com/},
	Year = {2013},
	Bdsk-Url-1 = {http://code.google.com/p/abntex2/}}

@manual{abntex2modelo,
	Annote = {Este documento {\'e} derivado do \cite{abnt-bibtex-doc}},
	Author = {abnTeX2},
	Date-Added = {2013-01-12 22:55:32 +0000},
	Date-Modified = {2013-02-04 12:05:54 +0000},
	Organization = {Equipe abnTeX2},
	Title = {Modelo Can{\^o}nico de Trabalho Acad{\^e}mico com abnTeX2},
	Url = {http://abntex2.googlecode.com/},
	Year = {2013},
	Bdsk-Url-1 = {http://code.google.com/p/abntex2/}}

@mastersthesis{araujo2012,
	Address = {Bras{\'\i}lia},
	Author = {Lauro C{\'e}sar Araujo},
	Date-Added = {2013-01-09 11:04:42 +0000},
	Date-Modified = {2013-01-09 11:04:42 +0000},
	Month = {mar.},
	School = {Universidade de Bras{\'\i}lia},
	Subtitle = {uma perspectiva de {A}rquitetura da {I}nforma{\c c}{\~a}o da {E}scola de {B}ras{\'\i}lia},
	Title = {Configura{\c c}{\~a}o},
	Year = {2012}}

@manual{memoir,
	Address = {Normandy Park, WA},
	Author = {Peter Wilson and Lars Madsen},
	Date-Added = {2013-01-09 10:37:50 +0000},
	Date-Modified = {2013-03-21 13:23:25 +0000},
	Organization = {The Herries Press},
	Title = {The Memoir Class for Configurable Typesetting - User Guide},
	Url = {http://mirrors.ctan.org/macros/latex/contrib/memoir/memman.pdf},
	Urlaccessdate = {19 dez. 2012},
	Year = {2010},
	Bdsk-Url-1 = {http://ctan.tche.br/macros/latex/contrib/memoir/memman.pdf}}

@manual{abntex2cite-alf,
	Annote = {Este documento {\'e} derivado do \cite{abnt-bibtex-alf-doc}},
	Author = {abnTeX2 and Lauro C{\'e}sar Araujo},
	Date-Added = {2013-01-09 10:37:45 +0000},
	Date-Modified = {2013-04-05 11:03:05 +0000},
	Organization = {Equipe abnTeX2},
	Title = {O pacote abntex2cite: t{\'o}picos espec{\'\i}ficos da ABNT NBR 10520:2002 e o estilo bibliogr{\'a}fico alfab{\'e}tico (sistema autor-data)},
	Url = {http://abntex2.googlecode.com/},
	Year = {2013},
	Bdsk-Url-1 = {http://code.google.com/p/abntex2/}}

@manual{abntex2cite,
	Annote = {Este documento {\'e} derivado do \cite{abnt-bibtex-doc}},
	Author = {abnTeX2 and Lauro C{\'e}sar Araujo},
	Date-Added = {2013-01-09 10:37:45 +0000},
	Date-Modified = {2013-04-05 10:47:36 +0000},
	Organization = {Equipe abnTeX2},
	Title = {O pacote abntex2cite: Estilos bibliogr{\'a}ficos compat{\'\i}veis com a ABNT NBR 6023},
	Url = {http://abntex2.googlecode.com/},
	Year = {2013},
	Bdsk-Url-1 = {http://code.google.com/p/abntex2/}}

@manual{abntex2classe,
	Author = {abnTeX2 and Lauro C{\'e}sar Araujo},
	Date-Added = {2013-01-09 10:37:38 +0000},
	Date-Modified = {2013-04-05 11:03:48 +0000},
	Organization = {Equipe abnTeX2},
	Title = {A classe abntex2: Modelo can{\^o}nico de trabalhos acad{\^e}micos brasileiros compat{\'\i}vel com as normas ABNT NBR 14724:2011, ABNT NBR 6024:2012 e outras},
	Url = {http://abntex2.googlecode.com/},
	Year = {2013},
	Bdsk-Url-1 = {http://code.google.com/p/abntex2/}}

@manual{NBR10520:2002,
	Address = {Rio de Janeiro},
	Date-Added = {2012-12-15 21:43:38 +0000},
	Date-Modified = {2013-01-12 22:17:20 +0000},
	Month = {ago.},
	Org-Short = {ABNT},
	Organization = {Associa{\c c}\~ao Brasileira de Normas T\'ecnicas},
	Pages = 7,
	Subtitle = {Informa{\c c}\~ao e documenta{\c c}\~ao --- Apresenta{\c c}\~ao de cita{\c c}\~oes em documentos},
	Title = {{NBR} 10520},
	Year = 2002}

@manual{NBR6024:2012,
	Address = {Rio de Janeiro},
	Date-Added = {2012-12-15 21:24:06 +0000},
	Date-Modified = {2012-12-15 21:24:28 +0000},
	Month = {fev.},
	Org-Short = {ABNT},
	Organization = {Associa{\c c}\~ao Brasileira de Normas T\'ecnicas},
	Pages = 4,
	Subtitle = {Numera{\c c}\~ao progressiva das se{\c c}\~oes de um documento},
	Title = {{NBR} 6024},
	Year = 2012}

@manual{NBR6028:2003,
	Address = {Rio de Janeiro},
	Date-Added = {2012-12-15 21:02:12 +0000},
	Date-Modified = {2012-12-15 21:02:50 +0000},
	Month = {nov.},
	Org-Short = {ABNT},
	Organization = {Associa{\c c}\~ao Brasileira de Normas T\'ecnicas},
	Pages = 2,
	Subtitle = {Resumo - Apresenta{\c c}{\~a}o},
	Title = {{NBR} 6028},
	Year = 2003}

@manual{NBR14724:2001,
	Address = {Rio de Janeiro},
	Date-Added = {2012-12-15 20:34:08 +0000},
	Date-Modified = {2012-12-15 20:34:08 +0000},
	Month = {jul.},
	Org-Short = {ABNT},
	Organization = {Associa{\c c}\~ao Brasileira de Normas T\'ecnicas},
	Pages = 6,
	Subtitle = {Informa{\c c}\~ao e documenta{\c c}\~ao --- trabalhos acad\^emicos --- apresenta{\c c}\~ao},
	Title = {{NBR} 14724},
	Year = 2001}

@manual{NBR14724:2002,
	Address = {Rio de Janeiro},
	Date-Added = {2012-12-15 20:34:17 +0000},
	Date-Modified = {2012-12-15 20:34:17 +0000},
	Month = {ago.},
	Org-Short = {ABNT},
	Organization = {Associa{\c c}\~ao Brasileira de Normas T\'ecnicas},
	Pages = 6,
	Subtitle = {Informa{\c c}\~ao e documenta{\c c}\~ao --- trabalhos acad\^emicos --- apresenta{\c c}\~ao},
	Title = {{NBR} 14724},
	Year = 2002}

@manual{NBR14724:2005,
	Address = {Rio de Janeiro},
	Date-Added = {2012-12-15 20:34:08 +0000},
	Date-Modified = {2012-12-15 20:35:25 +0000},
	Month = {dez.},
	Org-Short = {ABNT},
	Organization = {Associa{\c c}\~ao Brasileira de Normas T\'ecnicas},
	Pages = 9,
	Subtitle = {Informa{\c c}\~ao e documenta{\c c}\~ao --- trabalhos acad\^emicos --- apresenta{\c c}\~ao},
	Title = {{NBR} 14724},
	Year = 2005}

@manual{NBR14724:2011,
	Address = {Rio de Janeiro},
	Date-Added = {2012-12-15 20:34:08 +0000},
	Date-Modified = {2012-12-15 20:35:25 +0000},
	Month = {mar.},
	Note = {Substitui a Ref.~\citeonline{NBR14724:2005}},
	Org-Short = {ABNT},
	Organization = {Associa{\c c}\~ao Brasileira de Normas T\'ecnicas},
	Pages = 15,
	Subtitle = {Informa{\c c}\~ao e documenta{\c c}\~ao --- trabalhos acad\^emicos --- apresenta{\c c}\~ao},
	Title = {{NBR} 14724},
	Year = 2011}

@article{van86,
	Author = {{van}, Gigch, John P. and Leo L. Pipino},
	Journal = {Future Computing Systems},
	Number = {1},
	Pages = {71-97},
	Title = {In search for a paradigm for the discipline of information systems},
	Volume = {1},
	Year = {1986}}

@phdthesis{guizzardi2005,
	Address = {Enschede, The Netherlands},
	Author = {Giancarlo Guizzardi},
	Date-Added = {2012-04-23 11:35:28 +0000},
	Date-Modified = {2012-04-23 11:35:28 +0000},
	School = {Centre for Telematics and Information Technology, University of Twente},
	Title = {Ontological Foundations for Structural Conceptual Models},
	Url = {http://www.loa.istc.cnr.it/Guizzardi/SELMAS-CR.pdf},
	Urlaccessdate = {3 jul. 2011},
	Year = {2005},
	Bdsk-Url-1 = {http://www.loa.istc.cnr.it/Guizzardi/SELMAS-CR.pdf}}

@mastersthesis{macedo2005,
	Author = {Fl{\'a}via L. Macedo},
	Date-Added = {2012-04-23 11:35:13 +0000},
	Date-Modified = {2012-04-23 11:35:13 +0000},
	Keywords = {arquitetura da informa{\c c}{\~a}o},
	School = {Universidade de Bras{\'\i}lia},
	Title = {Arquitetura da Informa{\c c}{\~a}o: aspectos espistemol{\'o}gicos, cient{\'\i}ficos e pr{\'a}ticos.},
	Type = {Disserta{\c c}{\~a}o de Mestrado},
	Year = {2005}}

@manual{EIA649B,
	Address = {EUA},
	Date-Added = {2012-04-23 11:34:59 +0000},
	Date-Modified = {2012-04-23 11:34:59 +0000},
	Keywords = {norma},
	Month = {June},
	Organization = {TechAmerica},
	Title = {ANSI/EIA 649-B: Configuration Management Standard},
	Year = {2011}}

@inproceedings{masolo2010,
	Author = {Claudio Masolo},
	Booktitle = {Proceedings of the Twelfth International Conference on the Principles of Knowledge Representation and Reasoning (KR 2010)},
	Date-Added = {2012-04-23 11:34:38 +0000},
	Date-Modified = {2012-04-23 11:34:38 +0000},
	Editor = {Lin, F. and Sattler, U.},
	Pages = {258-268},
	Publisher = {AAAI Press},
	Title = {Understanding Ontological Levels},
	Url = {http://wiki.loa-cnr.it/Papers/kr10v0.7.pdf},
	Urlaccessdate = {2 jan. 2012},
	Year = {2010},
	Bdsk-Url-1 = {http://wiki.loa-cnr.it/Papers/kr10v0.7.pdf}}

@inbook{guarino1995,
	Address = {Vienna},
	Author = {Nicola Guarino},
	Booktitle = {Philosophy and the Cognitive Science},
	Date-Added = {2012-04-23 11:34:29 +0000},
	Date-Modified = {2012-04-23 11:34:29 +0000},
	Editor = {R. Casati and B. Smith and G. White},
	Month = {Sept.},
	Pages = {443-456},
	Publisher = {Holder-Pivhler-Tempsky},
	Title = {The Ontological Level},
	Url = {http://wiki.loa-cnr.it/Papers/OntLev.pdf},
	Urlaccessdate = {2 jan. 2012},
	Year = {1995},
	Bdsk-Url-1 = {http://wiki.loa-cnr.it/Papers/OntLev.pdf}}

@incollection{bates2010,
	Address = {New York},
	Author = {Marcia J. Bates},
	Booktitle = {Encyclopedia of Library and Information Sciences},
	Date-Added = {2012-04-23 11:34:29 +0000},
	Date-Modified = {2012-04-23 11:34:29 +0000},
	Edition = {3rd},
	Editor = {Marcia J. Bates and Mary Niles Maack},
	Pages = {2347-2360},
	Publisher = {CRC Press},
	Title = {Information},
	Url = {http://pages.gseis.ucla.edu/faculty/bates/articles/information.html},
	Urlaccessdate = {24 out. 2011},
	Volume = {3},
	Year = {2010},
	Bdsk-Url-1 = {http://pages.gseis.ucla.edu/faculty/bates/articles/information.html}}

@book{doxiadis1965,
	Author = {Constantinos A. Doxiadis},
	Date-Added = {2012-04-23 11:34:20 +0000},
	Date-Modified = {2012-04-23 11:34:20 +0000},
	Publisher = {Ceira - Coimbra},
	Title = {Arquitetura em Transi{\c c}{\~a}o},
	Year = {1965}}

@book{dewey1980,
	Address = {New York, NY, USA},
	Author = {John Dewey},
	Date-Added = {2012-04-23 11:34:16 +0000},
	Date-Modified = {2012-04-23 11:34:16 +0000},
	Publisher = {Perigee Books},
	Title = {Art as Experience},
	Year = {1980}}
