
%glerm referencias

@article{lester1989analytic,
  title={Analytic approaches to twentieth-century music},
  author={Lester, Joel},
  year={1989},
  publisher={WW Norton \& Company}
}


@ARTICLE{tojo2013computational,
  author = {Tojo, Satoshi and Hirata, Keiji and Hamanaka, Masatoshi},
  title = {Computational Reconstruction of Cognitive Music Theory},
  journal = {New Generation Computing},
  year = {2013},
  volume = {31},
  pages = {89-113},
  number = {2},
  publisher = {Springer},
  tags = {tenho_pdf}
}

@ARTICLE{nattiezcomparaccao,
  author = {Nattiez, Jean-Jacques},
  title = {A compara{\c{c}}{\~{a}}o das an{\'{a}}lises sob o ponto de vista
	semiol{\'{o}}gico (a prop{\'{o}}sito do tema da Sinfonia em Sol menor,
	K. 550, de Mozart)},
  journal = {Per Musi{--}Revista de Performance Musical},
  pages = {5-40},
  year={2003},
  tags = {confuso}
}

@book{rowe2004machine,
  title={Machine musicianship},
  author={Rowe, Robert},
  year={2004},
  publisher={MIT press}
}


@book{simoni2006analytical,
  title={Analytical Methods of Electroacoustic Music},
  author={Simoni, M.H.},
  isbn={9780415976299},
  lccn={2005014484},
  series={Studies on New Music Research},
  year={2006},
  publisher={Routledge}
}

@book{shaeffer1966traite,
author={Schaeffer, Pierre},
year={1966},
title={Traite des objets musicaux. Essai interdisciplines.},
publisher={Ed. du Seuil},
address={Paris},
}

@book{roads2004microsound,
  title={Microsound},
  author={Roads, Curtis},
  year={2004},
  publisher={MIT press}
}

@book{curtis1996computer,
  title={The computer music tutorial},
  author={Curtis Roads},
  year={1996},
  publisher={MIT press}
}

@article{roads1978composing,
  title={Composing grammars},
  author={Roads, Curtis},
  journal={international Computer Music Conference},
  publisher={UCSD},
  address={San Diego},
  year={1978}
}


@article{ruwet1975theorie,
  title={Th{\'e}orie et m{\'e}thodes dans les {\'e}tudes musicales},
  author={Ruwet, Nicolas},
  journal={Musique en jeu},
  volume={17},
  pages={11--35},
  year={1975}
}


@article{nattiez2004modelos,
  title={Modelos ling{\"u}{\'\i}sticos e an{\'a}lise das estruturas musicais},
  author={Nattiez, Jean-Jacques and Sampaio, Revis{\~a}o de Luiz Paulo},
  journal={Per Musi},
  volume={9},
  pages={5--46},
  year={2004}
}

@article{nattiez1977fondements,
  title={Fondements d'une s{\'e}miologie de la musique},
  author={Nattiez, Jean-Jacques and Dunsby, Jonathan M},
  journal={Perspectives of New Music},
  pages={226--233},
  year={1977},
  publisher={JSTOR}
}


@article{moorer1972music,
  title={Music and computer composition},
  author={Moorer, James Anderson},
  journal={Communications of the ACM},
  volume={15},
  number={2},
  pages={104--113},
  year={1972},
  publisher={ACM}
}


@article{winograd1968linguistics,
  title={Linguistics and the computer analysis of tonal harmony},
  author={Winograd, Terry},
  journal={Journal of Music Theory},
  pages={2--49},
  year={1968},
  publisher={JSTOR}
}


@article{winograd1973procedural,
  title={A procedural model of language understanding},
  author={Winograd, Terry},
  journal={Computer models of thought and language},
  volume={152},
  pages={186},
  year={1973},
  publisher={WH Freeman Press}
}


@book{laske1977music,
  title={Music, memory, and thought: Explorations in cognitive musicology},
  author={Laske, Otto-Ernst},
  year={1977},
  publisher={Music Department, University of Pittsburgh}
}


@book{lindblom1970towards,
  title={Towards a generative theory of melody},
  author={Lindblom, Bj{\"o}rn and Sundberg, Johan},
  year={1970},
  publisher={Department of Phonetics, Institute of Linguistics, University of Stockholm}
}


@article{smoliar1976music,
  title={Music programs: An approach to music theory through computational linguistics},
  author={Smoliar, Stephen W},
  journal={Journal of Music Theory},
  pages={105--131},
  year={1976},
  publisher={JSTOR}
}


@ARTICLE{roads1979grammars,
  author = {Roads, Curtis},
  title = {Grammars as representations for music},
  journal = {Computer Music Journal},
  year = {1979},
  pages = {48-55},
  publisher = {JSTOR},
  tags = {entendido, citado_mestrado}
}

@BOOK{temperley2004cognition,
  title = {The cognition of basic musical structures},
  publisher = {MIT press},
  year = {2004},
  author = {Temperley, David},
  tags = {tenho_pdf}
}

@article{lerdahl2009genesis,
  title={Genesis and Architecture of the GTTM Project},
  author={Lerdahl, Fred},
  year={2009},
  publisher={JSTOR}
}


@article{lerdahl1992cognitive,
  title={Cognitive constraints on compositional systems},
  author={Lerdahl, Fred},
  journal={Contemporary Music Review},
  volume={6},
  number={2},
  pages={97--121},
  year={1992},
  publisher={Taylor \& Francis}
}


@book{bernstein1976unanswered,
  title={The unanswered question: Six talks at Harvard},
  author={Bernstein, Leonard},
  year={1976},
  publisher={Harvard University Press}
}

@BOOK{chomsky1965aspects,
  title = {Aspects of the Theory of Syntax},
  publisher = {MIT press},
  year = {1965},
  author = {Chomsky, Noam},
  number = {11},
  tags = {citado_mestrado, nao-lido}
}

@ARTICLE{chomsky1957syntactic,
  author = {Chomsky, Noam},
  title = {Syntactic structures.},
  year = {1957},
  publisher = {Mouton}
}

@ARTICLE{caesar2008oloop,
  author = {Caesar, Rodolfo},
  title = {O loop como promessa de eternidade},
  journal = {Anais do XVIII Congresso da Associa{\c{c}}{\~{a}}o Nacional de Pesquisa
	e P{\'{o}}s-Gradua{\c{c}}{\~{a}}o (ANPPOM) Salvador},
  year = {2008},
  tags = {tenho_pdf}
}

@ARTICLE{caesar2010loop,
  author = {Caesar, Rodolfo},
  title = {Loops Institucionais},
  journal = {Anais do XX Congresso da Associa{\c{c}}{\~{a}}o Nacional de Pesquisa
	e P{\'{o}}s-Gradua{\c{c}}{\~{a}}o (ANPPOM) Salvador},
  year = {2010},
  number = {20},
  tags = {tenho_pdf}
}


@article{holmes2009ferme,
  title={Analise espectromorfologica da obra eletroacustica Desembocaduras},
  author={Holmes, Brian},
  journal={Revista Eletronica de Musicologia},
  url={http://www.rem.ufpr.br/_REM/REMv12/02/analise_morfologica_embocaduras.htm},
  Urlaccessdate = {22 jan. 2014},
  year={2009},
  publisher={UFPR},
}
	


@BOOK{caesar2008circulos,
  title = {Circulos ceifados},
  publisher = {7Letras},
  year = {2008},
  author = {Caesar, Rodolfo},
  series = {Cole{\c{c}}{\~{a}}o Trinca-ferro},
  }

@book{hayles2008we,
  title={How we became posthuman: Virtual bodies in cybernetics, literature, and informatics},
  author={Hayles, N Katherine},
  year={2008},
  address={Chicago},
  publisher={University of Chicago Press},
}


@article{langton1989artificial,
  title={Artificial life: the proceedings of an Interdisciplinary Workshop on the Synthesis and Simulation of Living Systems, held September, 1987},
  author={Langton, Christopher G},
  address={Los Alamos, New Mexico},
  journal={Addison-Wesley Publishing Company},
  year={1989}
}


@book{wolfram2002new,
  title={A new kind of science},
  author={Wolfram, Stephen},
  year={2002},
  publisher={Wolfram media Champaign},
}


@book{minsky2007emotion,
  title={The Emotion Machine: Commonsense Thinking, Artificial Intelligence, and the Future of the Human Mind},
  author={Minsky, M.},
  year={2007},
  publisher={Simon \& Schuster},
}

@incollection{hofstadter2004virtualstaringemmy,
  author      = "Hofstadter, Douglas R.",
  title       = "Staring Emmy Straight in th Eye - and doing my best not to flinch",
  editor      = "Cope, David.",
  booktitle   = "Virtual Music: Computer Synthesis of Musical Style",
  publisher   = "MIT Press",
  address     = "Cambridge",
  year        = 2004,
}

@inbook{cagekostelanetz2002conversing,
  author      = {Cage, John},
  title       = {Conversing with Cage},
  editor      = {Kostelanetz, Richard},
  year={2002},
  publisher={Routledge},
}



@BOOK{cope2004virtual,
  title = {Virtual Music: Computer Synthesis of Musical Style},
  publisher = {MIT Press},
  year = {2004},
  author = {Cope, D.},
  }

@BOOK{hofstadter2000godel,
  title = {Godel, Escher, Bach: An Eternal Golden Braid},
  publisher = {Penguin Books, Limited},
  year = {2000},
  author = {Hofstadter, Douglas R.},

}

@article{turing1950computing,
  title={Computing machinery and intelligence},
  author={Turing, Alan M},
  journal={Mind},
  pages={433--460},
  year={1950},
  publisher={JSTOR}
}


@BOOK{pessis1993caos,
  title = {Do caos {\`{a}} intelig{\^{e}}ncia artificial},
  publisher = {Unesp},
  year = {1993},
  author = {Pessis-Pasternak, Guitta}
}

@book{kurzweil2005singularity,
  title={The singularity is near: When humans transcend biology},
  author={Kurzweil, Ray},
  year={2005},
  publisher={Penguin}
}


@BOOK{langton1997artificial,
  title = {Artificial life: An overview},
  publisher = {Mit Press},
  year = {1997},
  author = {Langton, Christopher G.},
  tags = {tenho_pdf},
}

@BOOK{wiener1948cybernetics,
  title = {Cybernetics},
  publisher = {J. Wiley },
  address={New York},
  year = {1948},
  author = {Wiener, Norbert and others},
}

@INBOOK{stockhausen1996unidade,
  title = {A unidade do tempo musical},
  publisher = {EDUSP},
  year = {1996},
  editor = {M{\'{u}}sica eletroac{\'{u}}stica: hist{\'{o}}ria e est{\'{e}}ticas.},
  address={S{\~{a}}o Paulo},
  author = {Stockhausen, Karlheinz},
}



@BOOK{xenakis1992formalized,
  title = {Formalized music: thought and mathematics in composition},
  publisher = {Pendragon Press},
  year = {1992},
  author = {Xenakis, Iannis},
}


@book{schwanauer1993machine,
  title={Machine models of music},
  author={Schwanauer, Stephan M and Levitt, David A},
  year={1993},
  publisher={MIT Press}
}


@BOOK{nierhaus2009algorithmic,
  title = {Algorithmic composition: paradigms of automated music generation},
  publisher = {Springer},
  year = {2009},
  author = {Nierhaus, Gerhard},
  tags = {tenho_pdf},
}

@BOOK{godwin1979athanasius,
  title = {Athanasius Kircher: a renaissance man and the quest for lost knowledge},
  publisher = {Thames and Hudson},
  Address = {Londres},
  year = {1979},
  author = {Godwin, Joscelyn},
}

@article{kircher1650,
  title={Musurgia universalis, sive ars magna consoni et dissoni},
  year={1650},
  author={Kircher, Athanasius},
  publisher={Francesco Corbelletti},
  address={Roma},  
}


@ARTICLE{turing1936computable,
  author = {Turing, Alan Mathison},
  title = {On computable numbers, with an application to the Entscheidungsproblem},
  journal = {Journal of Math},
  year = {1936},
  volume = {58},
  pages = {345-363}
}



@BOOK{wisnik1989som,
  title = {O som eo sentido: uma outra hist{\'{o}}ria das m{\'{u}}sicas},
  publisher = {Editora Companhia das Letras},
  year = {1989},
  author = {Wisnik, Jos{\'{e}} Miguel},
  Address = {S{\~a}o Paulo},
}

@BOOK{cramer2005words,
  title = {Words Made Flesh: Code, Culture, Imagination},
  publisher = {Piet Zwart Institute},
  Address = {Holanda},
  year = {2005},
  author = {Cramer, Florian},
  }

@BOOK{zielinski2006arqueologia,
  title = {Arqueologia da m{\'{i}}dia: em busca do tempo remoto das t{\'{e}}cnicas
	do ver e do ouvir},
  publisher = {Annablume},
  Address = {S{\~a}o Paulo},
  year = {2006},
  author = {Zielinski, Siegfried},
}

@BOOK{weber1995fundamentos,
  title = {Os fundamentos racionais e sociol{\'{o}}gicos da m{\'{u}}sica},
  publisher = {Edusp},
  Address = {S{\~a}o Paulo},
  year = {1995},
  author = {Weber, Max},
}

@BOOK{gaffurio1492theorica,
  title={Theorica musicae},
  author={Gaffurio, Franchino},
  year={1492},
  publisher={Philippium Mantegatium},
  Address = {Roma},
}

@BOOK{iazzetta2009musica,
  title={M{\'u}sica e media{\c{c}}{\~a}o tecnol{\'o}gica},
  author={Iazzetta, Fernando},
  publisher={Perspectiva-Fapesp},
  Address = {S{\~a}o Paulo},
  year={2009},
}

@BOOK{lerdahl1983generative,
  title = {A generative theory of tonal music},
  publisher = {MIT press},
  year = {1983},
  author = {Lerdahl, Fred and Jackendoff, Ray S.},
}

@BOOK{bird2009natural,
  title = {Natural language processing with Python},
  publisher = {O{'}Reilly Media, Inc.},
  year = {2009},
  author = {Bird, Steven and Klein, Ewan and Loper, Edward},
  tags = {conferido, entendido},
}

@BOOK{adorno1974filosofia,
  author = {Adorno, Theodor},
  title = {Filosofia da M{\'{u}}sica Nova},
  year = {1974},
  publisher = {Perspectiva},
  Address = {S{\~a}o Paulo},
}

@ARTICLE{babbitt1958cares,
  author = {Babbitt, Milton},
  title = {Who cares if you listen?},
  journal = {High Fidelity},
  year = {1958},
  volume = {8},
  pages = {38-40},
  number = {2},
}




%%%%%%%%%%%%%%%%%%%%%%%%%%%%%%%%%%%%%%%%%%%%%%%%%%%%%%%%%%%%%%%%%%%%%%%%%%%%%%%
%template original abntex2
@book{ibge1993,
	Address = {Rio de Janeiro},
	Author = {IBGE},
	Date-Added = {2013-08-21 13:56:10 +0000},
	Date-Modified = {2013-08-21 13:56:10 +0000},
	Edition = {3},
	Organization = {http://biblioteca.ibge.gov.br/visualizacao/livros/liv23907.pdf},
	Publisher = {Centro de Documenta{\c c}{\~a}o e Dissemina{\c c}{\~a}o de Informa{\c c}{\~o}es. Funda{\c c}{\~a}o Intituto Brasileiro de Geografia e Estat{\'\i}stica},
	Title = {Normas de apresenta{\c c}{\~a}o tabular},
	Urlaccessdate = {21 ago 2013},
	Year = {1993}}

@misc{abntex2-wiki-como-customizar,
	Author = {abnTeX2},
	Date-Added = {2013-03-23 21:39:21 +0000},
	Date-Modified = {2013-03-23 21:44:20 +0000},
	Howpublished = {Wiki do abnTeX2},
	Keywords = {wiki},
	Title = {Como customizar o abnTeX2},
	Url = {https://code.google.com/p/abntex2/wiki/ComoCustomizar},
	Urlaccessdate = {23 mar. 2013},
	Year = {2013},
	Bdsk-Url-1 = {https://code.google.com/p/abntex2/wiki/ComoCustomizar}}

@manual{talbot2012,
	Author = {Nicola L.C. Talbot},
	Date-Added = {2013-03-11 12:06:04 +0000},
	Date-Modified = {2013-03-11 12:06:56 +0000},
	Month = {Nov.},
	Title = {User Manual for glossaries.sty},
	Url = {http://mirrors.ctan.org/macros/latex/contrib/glossaries/glossaries-user.pdf},
	Urlaccessdate = {11 mar. 2013},
	Year = {2012},
	Bdsk-Url-1 = {http://mirrors.ctan.org/macros/latex/contrib/glossaries/glossaries-user.pdf}}

@manual{babel,
	Author = {Johannes Braams},
	Date-Added = {2013-02-17 13:37:14 +0000},
	Date-Modified = {2013-02-17 13:38:38 +0000},
	Month = {Apr.},
	Title = {Babel, a multilingual package for use with LATEX's standard document classes},
	Url = {http://mirrors.ctan.org/info/babel/babel.pdf},
	Urlaccessdate = {17 fev. 2013},
	Year = {2008},
	Bdsk-Url-1 = {http://mirrors.ctan.org/info/babel/babel.pdf}}

@manual{abntex2modelo-artigo,
	Annote = {Este documento {\'e} derivado do \cite{abnt-bibtex-doc}},
	Author = {abnTeX2},
	Date-Added = {2013-01-15 00:10:35 +0000},
	Date-Modified = {2013-02-04 12:05:47 +0000},
	Organization = {Equipe abnTeX2},
	Title = {Modelo Can{\^o}nico de Artigo Cient{\'\i}fico com abnTeX2},
	Url = {http://abntex2.googlecode.com/},
	Year = {2013},
	Bdsk-Url-1 = {http://code.google.com/p/abntex2/}}

@manual{abntex2modelo-relatorio,
	Annote = {Este documento {\'e} derivado do \cite{abnt-bibtex-doc}},
	Author = {abnTeX2},
	Date-Added = {2013-01-15 00:05:34 +0000},
	Date-Modified = {2013-02-04 12:05:50 +0000},
	Organization = {Equipe abnTeX2},
	Title = {Modelo Can{\^o}nico de Relat{\'o}rio T{\'e}cnico e/ou Cient{\'\i}fico com abnTeX2},
	Url = {http://abntex2.googlecode.com/},
	Year = {2013},
	Bdsk-Url-1 = {http://code.google.com/p/abntex2/}}

@manual{abntex2modelo,
	Annote = {Este documento {\'e} derivado do \cite{abnt-bibtex-doc}},
	Author = {abnTeX2},
	Date-Added = {2013-01-12 22:55:32 +0000},
	Date-Modified = {2013-02-04 12:05:54 +0000},
	Organization = {Equipe abnTeX2},
	Title = {Modelo Can{\^o}nico de Trabalho Acad{\^e}mico com abnTeX2},
	Url = {http://abntex2.googlecode.com/},
	Year = {2013},
	Bdsk-Url-1 = {http://code.google.com/p/abntex2/}}

@mastersthesis{araujo2012,
	Address = {Bras{\'\i}lia},
	Author = {Lauro C{\'e}sar Araujo},
	Date-Added = {2013-01-09 11:04:42 +0000},
	Date-Modified = {2013-01-09 11:04:42 +0000},
	Month = {mar.},
	School = {Universidade de Bras{\'\i}lia},
	Subtitle = {uma perspectiva de {A}rquitetura da {I}nforma{\c c}{\~a}o da {E}scola de {B}ras{\'\i}lia},
	Title = {Configura{\c c}{\~a}o},
	Year = {2012}}

@manual{memoir,
	Address = {Normandy Park, WA},
	Author = {Peter Wilson and Lars Madsen},
	Date-Added = {2013-01-09 10:37:50 +0000},
	Date-Modified = {2013-03-21 13:23:25 +0000},
	Organization = {The Herries Press},
	Title = {The Memoir Class for Configurable Typesetting - User Guide},
	Url = {http://mirrors.ctan.org/macros/latex/contrib/memoir/memman.pdf},
	Urlaccessdate = {19 dez. 2012},
	Year = {2010},
	Bdsk-Url-1 = {http://ctan.tche.br/macros/latex/contrib/memoir/memman.pdf}}

@manual{abntex2cite-alf,
	Annote = {Este documento {\'e} derivado do \cite{abnt-bibtex-alf-doc}},
	Author = {abnTeX2 and Lauro C{\'e}sar Araujo},
	Date-Added = {2013-01-09 10:37:45 +0000},
	Date-Modified = {2013-04-05 11:03:05 +0000},
	Organization = {Equipe abnTeX2},
	Title = {O pacote abntex2cite: t{\'o}picos espec{\'\i}ficos da ABNT NBR 10520:2002 e o estilo bibliogr{\'a}fico alfab{\'e}tico (sistema autor-data)},
	Url = {http://abntex2.googlecode.com/},
	Year = {2013},
	Bdsk-Url-1 = {http://code.google.com/p/abntex2/}}

@manual{abntex2cite,
	Annote = {Este documento {\'e} derivado do \cite{abnt-bibtex-doc}},
	Author = {abnTeX2 and Lauro C{\'e}sar Araujo},
	Date-Added = {2013-01-09 10:37:45 +0000},
	Date-Modified = {2013-04-05 10:47:36 +0000},
	Organization = {Equipe abnTeX2},
	Title = {O pacote abntex2cite: Estilos bibliogr{\'a}ficos compat{\'\i}veis com a ABNT NBR 6023},
	Url = {http://abntex2.googlecode.com/},
	Year = {2013},
	Bdsk-Url-1 = {http://code.google.com/p/abntex2/}}

@manual{abntex2classe,
	Author = {abnTeX2 and Lauro C{\'e}sar Araujo},
	Date-Added = {2013-01-09 10:37:38 +0000},
	Date-Modified = {2013-04-05 11:03:48 +0000},
	Organization = {Equipe abnTeX2},
	Title = {A classe abntex2: Modelo can{\^o}nico de trabalhos acad{\^e}micos brasileiros compat{\'\i}vel com as normas ABNT NBR 14724:2011, ABNT NBR 6024:2012 e outras},
	Url = {http://abntex2.googlecode.com/},
	Year = {2013},
	Bdsk-Url-1 = {http://code.google.com/p/abntex2/}}

@manual{NBR10520:2002,
	Address = {Rio de Janeiro},
	Date-Added = {2012-12-15 21:43:38 +0000},
	Date-Modified = {2013-01-12 22:17:20 +0000},
	Month = {ago.},
	Org-Short = {ABNT},
	Organization = {Associa{\c c}\~ao Brasileira de Normas T\'ecnicas},
	Pages = 7,
	Subtitle = {Informa{\c c}\~ao e documenta{\c c}\~ao --- Apresenta{\c c}\~ao de cita{\c c}\~oes em documentos},
	Title = {{NBR} 10520},
	Year = 2002}

@manual{NBR6024:2012,
	Address = {Rio de Janeiro},
	Date-Added = {2012-12-15 21:24:06 +0000},
	Date-Modified = {2012-12-15 21:24:28 +0000},
	Month = {fev.},
	Org-Short = {ABNT},
	Organization = {Associa{\c c}\~ao Brasileira de Normas T\'ecnicas},
	Pages = 4,
	Subtitle = {Numera{\c c}\~ao progressiva das se{\c c}\~oes de um documento},
	Title = {{NBR} 6024},
	Year = 2012}

@manual{NBR6028:2003,
	Address = {Rio de Janeiro},
	Date-Added = {2012-12-15 21:02:12 +0000},
	Date-Modified = {2012-12-15 21:02:50 +0000},
	Month = {nov.},
	Org-Short = {ABNT},
	Organization = {Associa{\c c}\~ao Brasileira de Normas T\'ecnicas},
	Pages = 2,
	Subtitle = {Resumo - Apresenta{\c c}{\~a}o},
	Title = {{NBR} 6028},
	Year = 2003}

@manual{NBR14724:2001,
	Address = {Rio de Janeiro},
	Date-Added = {2012-12-15 20:34:08 +0000},
	Date-Modified = {2012-12-15 20:34:08 +0000},
	Month = {jul.},
	Org-Short = {ABNT},
	Organization = {Associa{\c c}\~ao Brasileira de Normas T\'ecnicas},
	Pages = 6,
	Subtitle = {Informa{\c c}\~ao e documenta{\c c}\~ao --- trabalhos acad\^emicos --- apresenta{\c c}\~ao},
	Title = {{NBR} 14724},
	Year = 2001}

@manual{NBR14724:2002,
	Address = {Rio de Janeiro},
	Date-Added = {2012-12-15 20:34:17 +0000},
	Date-Modified = {2012-12-15 20:34:17 +0000},
	Month = {ago.},
	Org-Short = {ABNT},
	Organization = {Associa{\c c}\~ao Brasileira de Normas T\'ecnicas},
	Pages = 6,
	Subtitle = {Informa{\c c}\~ao e documenta{\c c}\~ao --- trabalhos acad\^emicos --- apresenta{\c c}\~ao},
	Title = {{NBR} 14724},
	Year = 2002}

@manual{NBR14724:2005,
	Address = {Rio de Janeiro},
	Date-Added = {2012-12-15 20:34:08 +0000},
	Date-Modified = {2012-12-15 20:35:25 +0000},
	Month = {dez.},
	Org-Short = {ABNT},
	Organization = {Associa{\c c}\~ao Brasileira de Normas T\'ecnicas},
	Pages = 9,
	Subtitle = {Informa{\c c}\~ao e documenta{\c c}\~ao --- trabalhos acad\^emicos --- apresenta{\c c}\~ao},
	Title = {{NBR} 14724},
	Year = 2005}

@manual{NBR14724:2011,
	Address = {Rio de Janeiro},
	Date-Added = {2012-12-15 20:34:08 +0000},
	Date-Modified = {2012-12-15 20:35:25 +0000},
	Month = {mar.},
	Note = {Substitui a Ref.~\citeonline{NBR14724:2005}},
	Org-Short = {ABNT},
	Organization = {Associa{\c c}\~ao Brasileira de Normas T\'ecnicas},
	Pages = 15,
	Subtitle = {Informa{\c c}\~ao e documenta{\c c}\~ao --- trabalhos acad\^emicos --- apresenta{\c c}\~ao},
	Title = {{NBR} 14724},
	Year = 2011}

@article{van86,
	Author = {{van}, Gigch, John P. and Leo L. Pipino},
	Journal = {Future Computing Systems},
	Number = {1},
	Pages = {71-97},
	Title = {In search for a paradigm for the discipline of information systems},
	Volume = {1},
	Year = {1986}}

@phdthesis{guizzardi2005,
	Address = {Enschede, The Netherlands},
	Author = {Giancarlo Guizzardi},
	Date-Added = {2012-04-23 11:35:28 +0000},
	Date-Modified = {2012-04-23 11:35:28 +0000},
	School = {Centre for Telematics and Information Technology, University of Twente},
	Title = {Ontological Foundations for Structural Conceptual Models},
	Url = {http://www.loa.istc.cnr.it/Guizzardi/SELMAS-CR.pdf},
	Urlaccessdate = {3 jul. 2011},
	Year = {2005},
	Bdsk-Url-1 = {http://www.loa.istc.cnr.it/Guizzardi/SELMAS-CR.pdf}}

@mastersthesis{macedo2005,
	Author = {Fl{\'a}via L. Macedo},
	Date-Added = {2012-04-23 11:35:13 +0000},
	Date-Modified = {2012-04-23 11:35:13 +0000},
	Keywords = {arquitetura da informa{\c c}{\~a}o},
	School = {Universidade de Bras{\'\i}lia},
	Title = {Arquitetura da Informa{\c c}{\~a}o: aspectos espistemol{\'o}gicos, cient{\'\i}ficos e pr{\'a}ticos.},
	Type = {Disserta{\c c}{\~a}o de Mestrado},
	Year = {2005}}

@manual{EIA649B,
	Address = {EUA},
	Date-Added = {2012-04-23 11:34:59 +0000},
	Date-Modified = {2012-04-23 11:34:59 +0000},
	Keywords = {norma},
	Month = {June},
	Organization = {TechAmerica},
	Title = {ANSI/EIA 649-B: Configuration Management Standard},
	Year = {2011}}

@inproceedings{masolo2010,
	Author = {Claudio Masolo},
	Booktitle = {Proceedings of the Twelfth International Conference on the Principles of Knowledge Representation and Reasoning (KR 2010)},
	Date-Added = {2012-04-23 11:34:38 +0000},
	Date-Modified = {2012-04-23 11:34:38 +0000},
	Editor = {Lin, F. and Sattler, U.},
	Pages = {258-268},
	Publisher = {AAAI Press},
	Title = {Understanding Ontological Levels},
	Url = {http://wiki.loa-cnr.it/Papers/kr10v0.7.pdf},
	Urlaccessdate = {2 jan. 2012},
	Year = {2010},
	Bdsk-Url-1 = {http://wiki.loa-cnr.it/Papers/kr10v0.7.pdf}}

@inbook{guarino1995,
	Address = {Vienna},
	Author = {Nicola Guarino},
	Booktitle = {Philosophy and the Cognitive Science},
	Date-Added = {2012-04-23 11:34:29 +0000},
	Date-Modified = {2012-04-23 11:34:29 +0000},
	Editor = {R. Casati and B. Smith and G. White},
	Month = {Sept.},
	Pages = {443-456},
	Publisher = {Holder-Pivhler-Tempsky},
	Title = {The Ontological Level},
	Url = {http://wiki.loa-cnr.it/Papers/OntLev.pdf},
	Urlaccessdate = {2 jan. 2012},
	Year = {1995},
	Bdsk-Url-1 = {http://wiki.loa-cnr.it/Papers/OntLev.pdf}}

@incollection{bates2010,
	Address = {New York},
	Author = {Marcia J. Bates},
	Booktitle = {Encyclopedia of Library and Information Sciences},
	Date-Added = {2012-04-23 11:34:29 +0000},
	Date-Modified = {2012-04-23 11:34:29 +0000},
	Edition = {3rd},
	Editor = {Marcia J. Bates and Mary Niles Maack},
	Pages = {2347-2360},
	Publisher = {CRC Press},
	Title = {Information},
	Url = {http://pages.gseis.ucla.edu/faculty/bates/articles/information.html},
	Urlaccessdate = {24 out. 2011},
	Volume = {3},
	Year = {2010},
	Bdsk-Url-1 = {http://pages.gseis.ucla.edu/faculty/bates/articles/information.html}}

@book{doxiadis1965,
	Author = {Constantinos A. Doxiadis},
	Date-Added = {2012-04-23 11:34:20 +0000},
	Date-Modified = {2012-04-23 11:34:20 +0000},
	Publisher = {Ceira - Coimbra},
	Title = {Arquitetura em Transi{\c c}{\~a}o},
	Year = {1965}}

@book{dewey1980,
	Address = {New York, NY, USA},
	Author = {John Dewey},
	Date-Added = {2012-04-23 11:34:16 +0000},
	Date-Modified = {2012-04-23 11:34:16 +0000},
	Publisher = {Perigee Books},
	Title = {Art as Experience},
	Year = {1980}}
