@book{roads2004microsound,
	publisher = {MIT press},
	author = {Roads, Curtis},
	title = {Microsound},
	year = {2004},
	tags = "tenho_pdf"
}

@Book{curtis1996computer,
	Publisher = {MIT press},
	author = {Roads, Curtis},
	title = {The computer music tutorial},
	year = {1996},
	tags = "conferido, citado_mestrado"
}

@Article{roads1979grammars,
	Publisher = {JSTOR},
	author = {Roads, Curtis and Wieneke, Paul},
	title = {Grammars as representations for music},
	journal = {Computer Music Journal},
	pages = {48-55},
	year = {1979},
	tags = "entendido, citado_mestrado"
}

@Article{nattiez2004modelos,
	author = {Nattiez, Jean-Jacques and Sampaio, Revis{\~{a}}o de Luiz Paulo},
	title = {Modelos ling{\"{u}}{\'{i}}sticos e an{\'{a}}lise das estruturas musicais},
	journal = {Per Musi},
	volume = {9},
	pages = {5-46},
	year = {2004},
}

@Article{nattiezcomparaccao,
	author = {Nattiez, Jean-Jacques},
	title = {A compara{\c{c}}{\~{a}}o das an{\'{a}}lises sob o ponto de vista semiol{\'{o}}gico (a prop{\'{o}}sito do tema da Sinfonia em Sol menor, K. 550, de Mozart)},
	journal = {Per Musi{--}Revista de Performance Musical},
	pages = {5-40},
	tags = "confuso"
}

@book{temperley2004cognition,
	publisher = {MIT press},
	author = {Temperley, David},
	title = {The cognition of basic musical structures},
	year = {2004},
	tags = "tenho_pdf"
}

@Book{temperley2007music,
	Publisher = {MIT Press Cambridge\^ eMass Mass},
	author = {Temperley, David},
	title = {Music and probability},
	year = {2007},
}

@Book{rowe2004machine,
	Publisher = {MIT press},
	author = {Rowe, Robert},
	title = {Machine musicianship},
	year = {2004},
	tags = "conferido"
}

@book{lerdahl1983generative,
	publisher = {MIT press},
	author = {Lerdahl, Fred and Jackendoff, Ray S.},
	title = {A generative theory of tonal music},
	year = {1983},
	tags = "tenho_pdf"
}

@Book{lerdahl2001tonal,
	Publisher = {Oxford University Press},
	author = {Lerdahl, Fred},
	title = {Tonal pitch space},
	year = {2001},
}

@Article{smoliar1974process,
	Publisher = {JSTOR},
	author = {Smoliar, Stephen W.},
	title = {Process structuring and music theory},
	journal = {Journal of Music Theory},
	pages = {308-336},
	year = {1974},
}

@book{chomsky2002syntactic,
	publisher = {Walter de Gruyter},
	author = {Chomsky, Noam},
	title = {Syntactic structures},
	year = {2002},
	tags = "tenho_pdf"
}

@article{chomsky1957syntactic,
	Publisher = {Mouton},
	author = {Chomsky, Noam},
	title = {Syntactic structures.},
	year = {1957},
}

@Book{chomsky1965aspects,
	Publisher = {MIT press},
	author = {Chomsky, Noam},
	title = {Aspects of the Theory of Syntax},
	number = {11},
	year = {1965},
	tags = "citado_mestrado, nao-lido"
}

@Article{winograd1973procedural,
	Publisher = {WH Freeman Press},
	author = {Winograd, Terry},
	title = {A procedural model of language understanding},
	journal = {Computer models of thought and language},
	volume = {152},
	pages = {186},
	year = {1973},
	tags = "citado_mestrado"
}

@Book{bird2009natural,
	Publisher = {O{'}Reilly Media, Inc.},
	author = {Bird, Steven and Klein, Ewan and Loper, Edward},
	title = {Natural language processing with Python},
	year = {2009},
	tags = "conferido, entendido"
}

@article{xavierserra2014,
	Abstract = {A fundamental concern in music information research is the use of appropriate data sets, research corpora, from which to perform the needed data processing tasks. These corpora have to be suited for the specific research problems to be addressed and the design criteria with which to create them is a research task to which not much attention has been paid. In the CompMusic project we are studying several non-western art music traditions and a major effort has been the creation of appropriate data collections with which to study and characterise the melodic and rhythmic aspects of these traditions. In this article we go over the criteria used to create these collections and we describe the specificities of each of the collections gathered.},
	Address = {London, UK},
	Booktitle = {AES 53rd International Conference on Semantic Audio},
	Month = {27/01/2014},
	Organization = {AES},
	Publisher = {AES},
	author = {Serra, Xavier},
	title = {Creating Research Corpora for the Computational Study of Music: the case of the CompMusic Project},
	year = {2014},
	tags = "curiosidade, nao-lido"
}

@Article{moorer1972music,
	Publisher = {ACM},
	author = {Moorer, James Anderson},
	title = {Music and computer composition},
	journal = {Communications of the ACM},
	volume = {15},
	number = {2},
	pages = {104-113},
	year = {1972},
	tags = "citado_mestrado, gestalt, computacional"
}

@book{nierhaus2009algorithmic,
	publisher = {Springer},
	author = {Nierhaus, Gerhard},
	title = {Algorithmic composition: paradigms of automated music generation},
	year = {2009},
	tags = "tenho_pdf"
}

@Article{nierhaus2009genetic,
	Publisher = {Springer},
	author = {Nierhaus, Gerhard},
	title = {Genetic Algorithms},
	journal = {Algorithmic Composition: Paradigms of Automated Music Generation},
	pages = {157-186},
	year = {2009},
}

@Article{nierhaus2009generative,
	Publisher = {Springer},
	author = {Nierhaus, Gerhard},
	title = {Generative Grammars},
	journal = {Algorithmic Composition: Paradigms of Automated Music Generation},
	pages = {83-120},
	year = {2009},
}

@Article{nierhaus2009transition,
	Publisher = {Springer},
	author = {Nierhaus, Gerhard},
	title = {Transition Networks},
	journal = {Algorithmic Composition: Paradigms of Automated Music Generation},
	pages = {121-130},
	year = {2009},
}

@Article{nierhaus2009markov,
	Publisher = {Springer},
	author = {Nierhaus, Gerhard},
	title = {Markov Models},
	journal = {Algorithmic Composition: Paradigms of Automated Music Generation},
	pages = {67-82},
	year = {2009},
}

@Article{nierhaus2009cellular,
	Publisher = {Springer},
	author = {Nierhaus, Gerhard},
	title = {Cellular Automata},
	journal = {Algorithmic Composition: Paradigms of Automated Music Generation},
	pages = {187-204},
	year = {2009},
}

@Article{nierhaus2009chaos,
	Publisher = {Springer},
	author = {Nierhaus, Gerhard},
	title = {Chaos and self-similarity},
	journal = {Algorithmic Composition: Paradigms of Automated Music Generation},
	pages = {131-155},
	year = {2009},
}

@Book{forte1982introduction,
	Publisher = {Norton New York},
	author = {Forte, Allen and Gilbert, Steven E.},
	title = {Introduction to Schenkerian analysis},
	year = {1982},
}

@Book{cadwallader1998analysis,
	Publisher = {Oxford University Press New York, NY},
	author = {Cadwallader, Allen Clayton and Gagn{\'{e}}, David and Cadwallader, Allen},
	title = {Analysis of tonal music: a Schenkerian approach},
	year = {1998},
}

@book{schenker1980harmony,
	publisher = {University of Chicago Press},
	author = {Schenker, Heinrich},
	title = {Harmony},
	volume = {1},
	year = {1980},
}

@Article{taddei2012teoria,
	author = {Taddei, Rita de C{\'{a}}ssia},
	title = {A TEORIA DE HUGO RIEMANN: AL{\'{E}}M DA HARMONIA SIMPLIFICADA OU FUN{\c{C}}{\~{O}}ES TONAIS DOS ACORDES},
	journal = {Anais do SIMPOM},
	volume = {2},
	number = {2},
	year = {2012},
}

@Book{mazzola2002topos,
	Publisher = {Birkh{\"{a}}user Basel},
	author = {Mazzola, Guerino and others,},
	title = {The topos of music},
	year = {2002},
}

@Article{bresson2008scores,
	Publisher = {MIT Press},
	author = {Bresson, Jean and Agon, Carlos},
	title = {Scores, programs, and time representation: The sheet object in openmusic},
	journal = {Computer Music Journal},
	volume = {32},
	number = {4},
	pages = {31-47},
	year = {2008},
}

@Article{tenney1980temporal,
	Publisher = {JSTOR},
	author = {Tenney, James and Polansky, Larry},
	title = {Temporal gestalt perception in music},
	journal = {Journal of Music Theory},
	pages = {205-241},
	year = {1980},
}

@article{Oliveira2013Gestalt,
	author = {de Oliveira, Helder Alves},
	title = {Aplica{\c{c}}{\~{a}}o de Princ{\'{i}}pios Gest{\'{a}}lticos no Planejamento Composicional de Segmentos},
	year = {2013},
}

@inbook{lipscomb2004cognitive,
	chapter = {The cognitive organization of musical sound},
	editor = {Hodges, Donald},
	publisher = {Institute for Music Research},
	author = {Lipscomb, Scott David },
	title = {Handbook of Music Psychology},
	pages = {133-175},
	year = {1996},
}

@Book{rehding2003hugo,
	Publisher = {Cambridge University Press},
	author = {Rehding, Alexander},
	title = {Hugo Riemann and the birth of modern musical thought},
	number = {11},
	year = {2003},
}

@Book{rehding2003hugo,
	Publisher = {Cambridge University Press},
	author = {Rehding, Alexander},
	title = {Hugo Riemann and the birth of modern musical thought},
	number = {11},
	year = {2003},
}

@book{rehding2003hugo,
	publisher = {Cambridge University Press},
	author = {Rehding, Alexander},
	title = {Hugo Riemann and the birth of modern musical thought},
	number = {11},
	year = {2003},
	tags = "tenho_pdf"
}

@book{krumhansl1990cognitive,
	publisher = {Oxford University Press New York},
	author = {Krumhansl, Carol L.},
	title = {Cognitive foundations of musical pitch},
	volume = {17},
	year = {1990},
	tags = "tenho_pdf"
}

@article{hasegawa2012new,
	comentario = {review comparada do geometry of music e tonal transformations},
	Publisher = {Oxford Univ Press},
	author = {Hasegawa, Robert},
	title = {New Approaches to Tonal Theory},
	journal = {Music and Letters},
	volume = {93},
	number = {4},
	pages = {574-593},
	year = {2012},
}

@book{rings2011tonality,
	publisher = {Oxford University Press},
	author = {Rings, Steven},
	title = {Tonality and transformation},
	year = {2011},
	tags = "tenho_pdf"
}

@Book{tymoczko2011geometry,
	Publisher = {Oxford University Press},
	author = {Tymoczko, Dmitri},
	title = {A geometry of music: harmony and counterpoint in the extended common practice},
	year = {2011},
}

@Article{wertheimer1938laws,
	Publisher = {Kegan Paul, Trench, Trubner \& Company},
	author = {Wertheimer, Max},
	title = {Laws of organization in perceptual forms.},
	year = {1938},
}

@Book{wisnik1989som,
	Publisher = {Editora Companhia das Letras},
	author = {Wisnik, Jos{\'{e}} Miguel},
	title = {O som eo sentido: uma outra hist{\'{o}}ria das m{\'{u}}sicas},
	year = {1989},
}

@Misc{adorno1974filosofia,
	Publisher = {Tradu{\c{c}}{\~{a}}o de Magda Fran{\c{c}}a. S{\~{a}}o Paulo: Perspectiva},
	author = {ADORNO, TW},
	title = {Filosofia da M{\'{u}}sica Nova},
	year = {1974},
}

@inbook{stockhausen1996unidade,
	editor = {M{\'{u}}sica eletroac{\'{u}}stica: hist{\'{o}}ria e est{\'{e}}ticas. S{\~{a}}o Paulo},
	publisher = {EDUSP},
	author = {Stockhausen, Karlheinz},
	title = {A unidade do tempo musical},
	year = {1996},
}

@misc{casteloes2010propostas,
	howpublished = {Revista Eletr{\^{o}}nica de Musicologia. Departamento de Artes da UFPR},
	note = {http://www.rem.ufpr.br/_REM/REMv14/06/propostas_teoria_musical_comparada.html  acessado em 04 de fevereiro de 2014},
	author = {SILVA, Luiz Eduardo Castel{\~{o}}es Pereira da},
	title = {Propostas de teoria musical comparada},
	year = {2010},
}

@Article{meneguetteaspectos,
	author = {Meneguette, Lucas},
	title = {ASPECTOS COGNITIVOS NA TEORIA GERATIVA DA M{\'{U}}SICA TONAL},
}

@Article{babbitt1958cares,
	author = {Babbitt, Milton},
	title = {Who cares if you listen?},
	journal = {High Fidelity},
	volume = {8},
	number = {2},
	pages = {38-40},
	year = {1958},
}

@misc{dudeque1997shoenberg,
	howpublished = {Revista Eletr{\^{o}}nica de Musicologia Departamento de Artes da UFPR},
	note = {http://www.rem.ufpr.br/_REM/REMv2.1/vol2.1/Schoenberg/Schoenberg%20e%20a%20Funcao.html acessado em 05 de fevereiro de 2014 },
	author = {Duduque, Norton},
	title = {Shoenberg e a Fun{\c{c}}{\~{a}}o Tonal},
	volume = {2},
	year = {1997},
}

@book{forte1973structure,
	publisher = {Yale University Press},
	author = {Forte, Allen},
	title = {The structure of atonal music},
	year = {1973},
}

@Article{hamanaka2006implementing,
	Publisher = {Taylor \& Francis},
	author = {Hamanaka, Masatoshi and Hirata, Keiji and Tojo, Satoshi},
	title = {Implementing {``}A Generative Theory of Tonal Music{''}{\dag{}}},
	journal = {Journal of New Music Research},
	volume = {35},
	number = {4},
	pages = {249-277},
	year = {2006},
}

@inproceedings{wolkowicz2010predicting,
	booktitle = {Proceedings of the International Society for Music Information Retrieval Conference, Utrecht, the Netherlands},
	author = {Wolkowicz, Jacek and Ke{\v{s}}elj, Vlado},
	title = {Predicting development of research in music based on parallels with natural language processing},
	pages = {665-667},
	year = {2010},
	tags = "tenho_pdf"
}

@article{tojo2013computational,
	Publisher = {Springer},
	author = {Tojo, Satoshi and Hirata, Keiji and Hamanaka, Masatoshi},
	title = {Computational Reconstruction of Cognitive Music Theory},
	journal = {New Generation Computing},
	volume = {31},
	number = {2},
	pages = {89-113},
	year = {2013},
	tags = "tenho_pdf"
}

@inproceedings{hamanaka2005atta,
	booktitle = {ISMIR},
	author = {Hamanaka, Masatoshi and Hirata, Keiji and Tojo, Satoshi},
	title = {ATTA: Automatic Time-Span Tree Analyzer Based on Extended GTTM.},
	pages = {358-365},
	year = {2005},
	tags = "tenho_pdf"
}

@Book{hindemith1970craft,
	Publisher = {Schott \& Co Ltd},
	author = {Hindemith, Paul},
	title = {The Craft of Musical Composition: Theoretical Part},
	volume = {1},
	year = {1970},
}

@Misc{hindemith1937craft,
	Publisher = {Translated by Arthur Mendel. 4th ed., New York: Associated Music Publishers},
	author = {Hindemith, Paul},
	title = {The Craft of Musical Composition, Vol. I: Theory},
	year = {1937},
}

@book{kostka2000tonal,
	publisher = {McGraw-Hill New York},
	author = {Kostka, Stefan M. and Payne, Dorothy and Schindler, Allan},
	title = {Tonal harmony: with an introduction to twentieth-century music},
	volume = {1221},
	year = {2000},
	tags = "tenho_pdf"
}

@incollection{temperley2002bayesian,
	booktitle = {Music and artificial intelligence},
	publisher = {Springer},
	author = {Temperley, David},
	title = {A Bayesian approach to key-finding},
	pages = {195-206},
	year = {2002},
	tags = "tenho_pdf"
}

@article{lerdahl2007modeling,
	Publisher = {JSTOR},
	author = {Lerdahl, Fred and Krumhansl, Carol L.},
	title = {Modeling tonal tension},
	year = {2007},
	tags = "tenho_pdf"
}

@article{lerdahl1992cognitive,
	Publisher = {Taylor \& Francis},
	author = {Lerdahl, Fred},
	title = {Cognitive constraints on compositional systems},
	journal = {Contemporary Music Review},
	volume = {6},
	number = {2},
	pages = {97-121},
	year = {1992},
	tags = "tenho_pdf"
}

@article{lerdahl2009genesis,
	Publisher = {JSTOR},
	author = {Lerdahl, Fred},
	title = {Genesis and Architecture of the GTTM Project},
	year = {2009},
	tags = "tenho_pdf"
}

@book{lewin2007generalized,
	publisher = {Oxford University Press},
	author = {Lewin, David},
	title = {Generalized musical intervals and transformations},
	year = {2007},
	tags = "tenho_pdf"
}

@book{lewin1993musical,
	publisher = {Yale University Press New Haven},
	author = {Lewin, David},
	title = {Musical Form and Transformation: 4 Analytic Essays},
	volume = {1},
	year = {1993},
	tags = "tenho_pdf"
}

@article{marsden2013towards,
	author = {Marsden, Alan and Hirata, Keiji and Tojo, Satoshi},
	title = {Towards computable procedures for deriving tree structures in music: context dependency in GTTM and Schenkerian theory},
	year = {2013},
	tags = "tenho_pdf"
}

@article{marsden2005generative,
	Publisher = {Taylor \& Francis},
	author = {Marsden, Alan},
	title = {Generative structural representation of tonal music},
	journal = {Journal of New Music Research},
	volume = {34},
	number = {4},
	pages = {409-428},
	year = {2005},
	tags = "tenho_pdf"
}

@article{marsden2010schenkerian,
	Publisher = {Taylor \& Francis},
	author = {Marsden, Alan},
	title = {Schenkerian analysis by computer: A proof of concept},
	journal = {Journal of New Music Research},
	volume = {39},
	number = {3},
	pages = {269-289},
	year = {2010},
	tags = "tenho_pdf"
}

@Book{messiaen1956technique,
	Publisher = {A. Leduc},
	author = {Messiaen, Olivier},
	title = {The Technique of My Musical Language: Text},
	volume = {1},
	year = {1956},
}

@Book{damschroder2008thinking,
	Publisher = {Cambridge University Press},
	author = {Damschroder, David},
	title = {Thinking about harmony: historical perspectives on analysis},
	year = {2008},
}

@Book{rameau2012treatise,
	Isbn = {9780486171371},
	Publisher = {Dover Publications},
	Series = {Dover Books on Music},
	Url = {http://books.google.com.br/books?id=TdUtrQ1cJLgC},
	author = {Rameau, J. P.},
	title = {Treatise on Harmony},
	year = {2012},
}

@book{pousseurapoteose,
	Isbn = {9788571399198},
	publisher = {UNESP},
	Url = {http://books.google.com.br/books?id=RrR1PgAACAAJ},
	author = {Pouseur, Henry},
	title = {Apoteose de Rameau},
	year = {2008},
}

@Article{schaeffer2007solfejo,
	author = {Schaeffer, Pierre and REIBEL, Guy},
	title = {Solfejo do objecto sonoro},
	journal = {Tradu{\c{c}}{\~{a}}o de Ant{\'{o}}nio de Sousa Dias. Paris: INA-GRM-Groupe de recherches musicales},
	year = {2007},
}

@book{schoenberg2001harmonia,
	publisher = {S{\~{a}}o Paulo: Ed. UNESP},
	author = {Schoenberg, Arnold},
	title = {Harmonia. Pref{\'{a}}cio, tradu{\c{c}}{\~{a}}o e notas de Marden Maluf},
	year = {2001},
}

@Book{sethares2005tuning,
	Address = {London},
	Isbn = {1852337974},
	Publisher = {Springer},
	author = {Sethares, William},
	title = {Tuning, timbre, spectrum, scale},
	year = {2005},
}

@Article{iazzetta2009musica,
	author = {Iazzetta, Fernando},
	title = {M{\'{u}}sica e media{\c{c}}{\~{a}}o tecnol{\'{o}}gica},
	journal = {S{\~{a}}o Paulo: Perpectiva: Fapesp},
	year = {2009},
}

@phdthesis{fenerich2013hommeseul,
	school = {USP - Universidade de S{\~{a}}o Paulo},
	author = {Fenerich, Alexandre S.},
	title = {A Inscri{\c{c}}{\~{a}}o da Intimidade na Symphonie pour un Homme Seul},
	year = {2012},
	tags = "tenho_pdf"
}

@article{puckette2002max,
	Publisher = {MIT Press},
	author = {Puckette, Miller},
	title = {Max at seventeen},
	journal = {Computer Music Journal},
	volume = {26},
	number = {4},
	pages = {31-43},
	year = {2002},
	tags = "tenho_pdf"
}

@inproceedings{puckette2002using,
	booktitle = {Proc. Int. Computer Music Conf},
	author = {Puckette, Miller},
	title = {Using Pd as a score language},
	pages = {184-187},
	year = {2002},
	tags = "tenho_pdf"
}

@book{puckette2007theory,
	publisher = {World Scientific},
	author = {Puckette, Miller},
	title = {The theory and technique of electronic music},
	year = {2007},
	tags = "tenho_pdf"
}

@Book{xenakis1992formalized,
	Publisher = {Pendragon Press},
	author = {Xenakis, Iannis},
	title = {Formalized music: thought and mathematics in composition},
	number = {6},
	year = {1992},
}

@Book{weber1995fundamentos,
	Publisher = {Edusp},
	author = {Weber, Max},
	title = {Os fundamentos racionais e sociol{\'{o}}gicos da m{\'{u}}sica},
	year = {1995},
}

@book{zielinski2006arqueologia,
	publisher = {Annablume},
	author = {Zielinski, Siegfried},
	title = {Arqueologia da m{\'{i}}dia: em busca do tempo remoto das t{\'{e}}cnicas do ver e do ouvir},
	year = {2006},
}

@book{cramer2005words,
	publisher = {Piet Zwart Institute},
	author = {Cramer, Florian},
	title = {Words Made Flesh: Code, Culture, Imagination},
	year = {2005},
	tags = "tenho_pdf"
}

@Article{turing1936computable,
	author = {Turing, Alan Mathison},
	title = {On computable numbers, with an application to the Entscheidungsproblem},
	journal = {J. of Math},
	volume = {58},
	pages = {345-363},
	year = {1936},
}

@book{kircher1650,
	publisher = {Rome: Francesco Corbelletti},
	author = {Kircher, Athanasius},
	title = {Musurgia universalis, sive ars magna consoni et dissoni},
	year = {1650},
}

@Book{godwin1979athanasius,
	Publisher = {Thames and Hudson London},
	author = {Godwin, Joscelyn},
	title = {Athanasius Kircher: a renaissance man and the quest for lost knowledge},
	year = {1979},
}

@Book{schwanauer1993machine,
	Isbn = {9780262193191},
	Lccn = {lc92017179},
	Publisher = {MIT Press},
	Url = {http://books.google.com.br/books?id=CIFqbWcjfHEC},
	author = {Schwanauer, S. M. and Levitt, D. A.},
	title = {Machine Models of Music},
	year = {1993},
}

@Book{wiener1948cybernetics,
	Publisher = {J. Wiley New York},
	author = {Wiener, Norbert and others,},
	title = {Cybernetics},
	year = {1948},
}

@Book{menezes1996musica,
	Publisher = {Edusp, Editoria da Universidade de S{\~{a}}o Paulo},
	author = {Menezes Filho, Florivaldo},
	title = {M{\'{u}}sica eletroac{\'{u}}stica: hist{\'{o}}ria e est{\'{e}}ticas},
	year = {1996},
}

@Book{russolo2009arte,
	Publisher = {Nuovi Equilibri},
	author = {Russolo, Luigi},
	title = {L{'}arte dei rumori},
	year = {2009},
}

@book{langton1997artificial,
	publisher = {Mit Press},
	author = {Langton, Christopher G.},
	title = {Artificial life: An overview},
	year = {1997},
	tags = "tenho_pdf"
}

@Book{pessis1993caos,
	Publisher = {Unesp},
	author = {Pessis-Pasternak, Guitta},
	title = {Do caos {\`{a}} intelig{\^{e}}ncia artificial},
	year = {1993},
}

@Book{kurzweil2005singularity,
	Publisher = {Penguin},
	author = {Kurzweil, Ray},
	title = {The singularity is near: When humans transcend biology},
	year = {2005},
}

@Book{hofstadter2000gödel,
	Isbn = {9780140289206},
	Publisher = {Penguin Books, Limited},
	Series = {Harvester studies in cognitive science},
	Url = {http://books.google.com.br/books?id=grzEQgAACAAJ},
	author = {Hofstadter, D. R.},
	title = {G{\"{o}}del, Escher, Bach: An Eternal Golden Braid},
	year = {2000},
}

@book{cope2004virtual,
	Isbn = {9780262532617},
	Lccn = {00035506},
	publisher = {MIT Press},
	Url = {http://books.google.com.br/books?id=dJ7Numf8fwMC},
	author = {Cope, D.},
	title = {Virtual Music: Computer Synthesis of Musical Style},
	year = {2004},
	tags = "tenho_pdf"
}

@Book{hayles2008we,
	Isbn = {9780226321394},
	Lccn = {98036459},
	Publisher = {University of Chicago Press},
	Url = {http://books.google.com.br/books?id=JqB6Qy9z3TcC},
	author = {Hayles, N. K.},
	title = {How We Became Posthuman: Virtual Bodies in Cybernetics, Literature, and Informatics},
	year = {2008},
}

@book{caesar2008circulos,
	Isbn = {9788575774533},
	publisher = {7Letras},
	series = {Cole{\c{c}}{\~{a}}o Trinca-ferro},
	Url = {http://books.google.com.br/books?id=BrU7QUJuYDwC},
	author = {Caesar, Rodolfo},
	title = {Circulos ceifados},
	year = {2008},
}

@article{caesar2010loop,
	author = {Caesar, Rodolfo },
	title = {Loops Institucionais},
	journal = {Anais do XX Congresso da Associa{\c{c}}{\~{a}}o Nacional de Pesquisa e P{\'{o}}s-Gradua{\c{c}}{\~{a}}o (ANPPOM) Salvador},
	number = {20},
	year = {2010},
	tags = "tenho_pdf"
}

@article{caesar2008oloop,
	author = {Caesar, Rodolfo},
	title = {O loop como promessa de eternidade},
	journal = {Anais do XVIII Congresso da Associa{\c{c}}{\~{a}}o Nacional de Pesquisa e P{\'{o}}s-Gradua{\c{c}}{\~{a}}o (ANPPOM) Salvador},
	year = {2008},
	tags = "tenho_pdf"
}

